4584 5909
744 684 826 763 ⁶2.
964 674 1046 765 na
1076 666 1353 807 aerioma
1384 667 1473 762 er
1506 662 1812 797 DWISIONE

746 903 835 1015 quia
869 903 1001 1015 finguii
1031 904 1189 991 termini
1220 904 1388 993 minores
1417 926 1532 1015 quam
1564 886 1612 989 ιιλ
1651 900 1791 989 diuersa
1839 902 2024 1015 praebent

747 1032 923 1139 residua,
955 1034 994 1118 in
1024 1033 1177 1118 triduis
1213 1032 1407 1132 omnibus,
1440 1054 1562 1142 neque
1595 1029 1737 1147 piures,
1769 1058 1894 1143 neque
1926 1061 2025 1145 pau·

728 1162 870 1245 riores
895 1160 1032 1247 diuersi
1063 1161 1216 1247 numeri
1249 1178 1448 1247 occurrent
1477 1184 1591 1270 quarn
1626 1164 1667 1243 λ.
1766 1158 1883 1273 Igitur
1919 1163 1953 1249 fi.
1995 1168 2023 1245 λ

744 1288 789 1372 fit
821 1275 949 1373 minus
980 1316 1095 1401 quam
1124 1305 1254 1403 p-1‚
1287 1314 1367 1373 non
1399 1312 1538 1373 omnes
1586 1288 1738 1373 numeri
1759 1322 1761 1326 ’
1780 1280 1849 1373 irs
1877 1290 2023 1377 rriiduia

745 1438 974 1503 occurrent:
1022 1420 1085 1502 sed
1135 1418 1291 1528 quidam
1335 1418 1485 1503 numeri
1517 1416 1629 1529 plane
1662 1442 1855 1529 nunquam
1889 1424 1930 1504 in
1963 1420 2022 1504 di·

742 1543 887 1627 visione
918 1549 1173 1629 terminorum
1206 1545 1474 1659 progressronis
1503 1548 1760 1661 geometricae
1799 1572 1835 1658 t,
1851 1573 1891 1661 a,
1909 1558 1964 1657 α’,
1983 1560 2024 1635 a‘

744 1688 820 1756 etc.
854 1698 1052 1760 remanere
1081 1692 1277 1786 poterunt.

1169 1897 1429 2017 Coroli.
1522 1900 1583 2023 6.

893 2106 967 2187 34·
999 2078 1041 2172 Si
1072 2088 1186 2198 igitur
1215 2090 1405 2175 diuersitas
1438 2088 1668 2175 refiduonrm
1695 2080 1904 2197 spectetur,
1938 2082 2021 2171 fieri

740 2211 880 2322 potest,
917 2232 963 2297 tt
993 2239 1046 2299 ex
1078 2219 1257 2302 omnibus
1286 2218 1533 2332 potestatibus
1566 2217 1677 2327 ipsius
1709 2240 1735 2298 a
1765 2218 1922 2301 tnicum
1941 2234 2023 2298 tan·

746 2357 830 2424 tum
864 2342 1068 2446 residuum,
1098 2347 1163 2429 vel
1196 2350 1275 2432 duo
1306 2365 1455 2431 rantum
1491 2347 1631 2431 resrdua
1664 2342 1835 2439 diuersa,
1868 2343 1931 2426 vel
1949 2350 2022 2428 tria

742 2484 815 2551 etc.
851 2470 1058 2577 prodeant,
1089 2472 1195 2581 plura
1226 2493 1356 2556 tamen
1387 2498 1580 2582 nunquam
1613 2496 1727 2581 quam
1754 2486 1864 2584 p-r
1888 2470 2021 2557 locum
2053 2507 2057 2515 ·

741 2592 881 2679 habere
930 2596 1103 2706 poffont.
1199 2600 1400 2715 Quotquot
1447 2622 1570 2685 autem
1603 2601 1819 2712 prodierint
1846 2599 2020 2707 reddat,

744 2721 846 2807 inter
874 2748 920 2807 ea
950 2723 1102 2836 semper
1133 2727 1255 2810 vnitas
1286 2730 1486 2839 reperitur.

1068 2938 1511 3066 ¹Theorema
1596 2988 1658 3114 9.

894 3165 919 3244 3
930 3158 970 3240 5.
1003 3131 1045 3224 Si
1074 3155 1103 3253 p
1133 3140 1176 3227 iit
1206 3167 1387 3229 numerus
1418 3148 1592 3256 primus,
1638 3162 1678 3231 rt
1715 3172 1745 3233 a
1773 3142 1927 3256 primus
1971 3146 2019 3231 ad

736 3276 781 3377 p,
813 3284 926 3371 atque
956 3292 1097 3353 omnes
1127 3274 1274 3353 numeri
1305 3274 1444 3387 ipiop
1476 3272 1640 3357 minores
1670 3276 1907 3387 reperiantur
1958 3276 2021 3358 in·

742 3408 802 3474 ter
832 3392 985 3497 reiidua,
1012 3420 1106 3505 quae
1138 3420 1188 3479 ex
1220 3398 1402 3486 diuisione
1435 3406 1615 3487 omnium
1647 3403 1874 3515 potestatum
1905 3402 2018 3513 ipsius

740 3544 770 3602 a
799 3544 1100 3629 pernumerem
1133 3528 1363 3643 primomp
1412 3534 1614 3633 oriuntur,
1665 3555 1748 3618 tum
1796 3528 1894 3615 aP·¹
1945 3532 2018 3615 erit

741 3647 908 3735 minima
957 3650 1155 3763 potestas,
1220 3680 1313 3765 quae
1362 3682 1433 3772 per
1474 3675 1507 3773 p
1551 3659 1665 3745 diuisa
1713 3661 1905 3747 viritatem
1953 3672 2015 3745 re·

738 3771 888 3886 linquit.

1103 3918 1653 4050 Demonstratio

885 4100 946 4192 Sit
976 4098 1024 4194 αλ
1055 4114 1218 4199 minima
1250 4122 1439 4228 potessas,
1489 4146 1584 4230 quae
1619 4138 1745 4233 perp
1793 4116 1905 4207 diuisa
1956 4144 2017 4205 re·

737 4228 885 4343 linquat
912 4240 1133 4345 vnitatem,
1183 4266 1291 4352 atque
1323 4272 1373 4331 ex
1407 4250 1720 4356 praecedentibus
1751 4272 1886 4360 patet,
1938 4246 2014 4332 effe

740 4358 984 4476 λζρω).
1065 4364 1150 4451 Iam
1201 4396 1292 4454 rum
1344 4400 1521 4460 numerus
1567 4378 1746 4461 omnium
1780 4378 2011 4464 residuorum

743 4488 972 4577 diuersorum
1007 4494 1050 4577 iit
1084 4502 1207 4605 ελ,
1255 4519 1295 4583 et
1326 4504 1505 4588 omnium
1555 4530 1805 4591 numerorum
1856 4506 1942 4616 ipso
1983 4518 2014 4617 p
2113 4574 2125 4584 ,

743 4619 938 4708 minorum
968 4638 1167 4738 :p-r,
1198 4648 1315 4741 patet,
1344 4632 1372 4717 fi
1403 4635 1492 4720 eiiet
1524 4638 1745 4750 a<p-1‚
1774 4660 1855 4721 non
1874 4656 2015 4717 omnes

1867 4784 2012 4846 nume·
