4584 5909
665 613 669 620 ⁵
722 631 816 715 ἰα
1116 615 1258 746 offilo
1294 625 1311 725 (
1344 647 1372 710 o
1407 625 1429 736 )
1466 612 1607 746 ‘lffl‘
1868 761 1869 766 Ν

749 857 804 945 ita
854 857 938 942 sont
984 853 1169 961 exculta,
1220 873 1280 960 ut,
1309 855 1382 942 nix
1436 854 1603 970 quaestio
1633 853 1847 969 excogitari
1878 841 2022 974 polilt,

749 989 855 1076 cuius
900 985 1126 1072 solutionem
1185 1007 1264 1068 non
1315 986 1477 1071 istorum
1517 987 1802 1100 principiorum
1831 990 2023 1078 beneficio

745 1116 799 1202 ad
830 1117 1078 1225 aequationes
1106 1113 1341 1222 analyticas,
1395 1137 1527 1225 easque
1559 1114 1812 1227 utplurimum
1844 1116 2022 1206 differer-

750 1244 859 1328 tialrs
890 1242 1043 1327 secundi
1074 1257 1210 1353 gradus
1225 1301 1237 1343 ‚
1255 1291 1257 1298 ·
1273 1243 1480 1352 perducere
1511 1242 1635 1328 liceat.
1731 1243 1800 1330 Ex
1829 1271 1909 1358 quo
1936 1261 2021 1335 ma·

748 1371 930 1456 uilestum
982 1370 1078 1477 est,
1121 1371 1387 1481 ‚praecipuam
1444 1369 1665 1457 Matheseos
1711 1373 2020 1490 perfectionem,

750 1525 862 1611 quam
896 1501 1048 1612 quidem
1082 1496 1229 1609 sperare
1259 1497 1385 1605 licet,
1432 1498 1474 1585 in
1502 1499 1723 1586 huiusmodi
1750 1496 2019 1612 aequationum

749 1625 977 1714 resolutione
1027 1623 1107 1711 elle
1144 1627 1415 1737 quaerendam.
1508 1627 1641 1744 Quam
1671 1631 1726 1714 ob
1755 1629 1903 1714 caulam
1933 1623 2020 1718 Cel.
2165 1627 2169 1636 “

721 1755 938 1864 dudm,
983 1779 1074 1838 cum
1101 1757 1204 1839 iam
1255 1755 1397 1867 saepire
1442 1757 1484 1841 in
1516 1755 1593 1840 hoc
1626 1753 1788 1868 negotio
1817 1757 1915 1841 vires
1941 1759 2020 1844 suas

750 1885 995 1977 exercuidet,
1027 1907 1074 1966 ac
1105 1885 1231 1966 varias
1260 1885 1469 1971 methodos
1497 1884 1763 1996 particulares,
1811 1907 1904 1995 quae
1937 1887 2017 1969 sae·

749 2012 837 2126 pius
867 2014 906 2093 in
939 2008 1048 2097 nsum
1081 2013 1209 2096 uocari
1242 2030 1406 2122 queant,
1439 2017 1477 2098 iu
1509 2013 1681 2097 medium
1712 2010 1914 2118 atnrlilset,
1951 2011 2018 2098 hle

746 2140 919 2227 omuino
956 2163 1111 2225 nouam
1156 2137 1405 2252 latillimeque
1451 2137 1664 2255 patentem·
1696 2139 1802 2261 uiam
1851 2139 2021 2248 ingredi.

675 2263 683 2274 ’
750 2281 845 2376 tur,
884 2267 968 2353 illas
999 2269 1239 2379 aequationes
1266 2269 1485 2384 tradendi,
1526 2295 1622 2383 quae
1662 2271 1705 2355 in
1720 2265 1809 2352 hoc
1837 2266 2019 2382 confidit,
2064 2357 2080 2364 ,

748 2413 796 2480 vt
828 2393 1106 2504 multiplicator
1131 2395 1410 2505 {omnigenum
1460 2403 1501 2480 in
1531 2421 1650 2505 quem
1690 2393 1908 2478 huiusmodi
1955 2419 2019 2478 ae·
2200 2437 2204 2444 ·

747 2523 881 2634 quatio
908 2521 1021 2605 dudta
1056 2518 1124 2601 fiat
1156 2519 1415 2628 integrabilis:
1481 2519 1734 2635 Quinetiam
1771 2519 2021 2628 pronunciare

748 2671 829 2734 ooo
879 2644 1056 2750 dubitat,
1104 2645 1358 2756 cuiuscunque
1374 2643 1503 2731 luerit
1530 2644 1673 2729 ordinis
1701 2645 1887 2756 aequatio.
1907 2645 2018 2730 diffe·
2057 2713 2062 2716 .

640 2828 647 2840 ·
746 2772 948 2866 centlalis.
998 2775 1150 2882 semper
1195 2772 1387 2858 eiusmodi
1431 2770 1768 2885 multiplicatorem
1815 2775 2017 2881 negotium

745 2901 1017 2990 conficientem
1067 2900 1177 3008 dari,
1224 2919 1336 3014 atque
1379 2903 1419 2986 io
1449 2901 1520 2987 hac
1551 2900 1804 2986 cruentatione
1833 2897 2018 2986 nonnulle

743 3029 1265 3148 huimnodiaequutiooum
1294 3053 1464 3140 genera,
1497 3053 1595 3140 quae
1625 3026 1708 3113 aliis
1735 3025 1936 3150 methodis·
1958 3030 2019 3112 in·
2120 3019 2126 3031 “

747 3160 890 3246 acced'a
933 3158 1112 3244 uidentur
1127 3196 1143 3261 ‚·
1190 3157 1262 3242 hac
1295 3159 1487 3244 methodo
1516 3157 1675 3242 leliciter
1703 3157 1752 3242 ad
1783 3157 2019 3266 aequatiooeu

720 3283 1015 3372 differentiales
1046 3287 1164 3396 primi
1207 3288 1343 3398 grados
1391 3286 1568 3392 reduxit,
1617 3309 1738 3395 neque
1786 3281 1909 3368 ullum
1963 3283 2017 3370 est

541 3490 545 3495 .
726 3415 938 3525 dubium,
980 3417 1080 3525 quin
1127 3412 1221 3499 haer
1269 3411 1502 3522 methodus,
1545 3412 1754 3497 orbertus
1785 3409 2012 3522 excolunt}

723 3544 928 3631 ·³maxlma
960 3540 1202 3629 incrementa
1234 3540 1276 3627 in
1306 3541 1490 3652 Annlyfio
1520 3539 1566 3628 dt
1600 3537 1768 3628 allatura.
