4584 5909
749 640 841 723 aar
939 704 946 715 .
1032 613 1412 758 nannonrn
1457 616 1749 718 onnrrfnt

710 840 880 959 cadit,
933 854 1249 964 dexponensn
1282 852 1463 959 parsit:
1513 852 1566 943 fin
1597 878 1803 969 exponens
1822 855 1892 945 ¹hic
1922 854 2042 953 dne‘n'i't

741 985 909 1090 impar,
951 980 1067 1085 ‘alter
1114 980 1236 1067 lineae
1268 1008 1393 1067 ramus
1424 989 1471 1069 ad
1501 1008 1621 1071 vnam
1655 985 1779 1071 nascor
1808 1010 1958 1100 partem
1992 995 2034 1077 in

738 1109 933 1194 indnrtntn
967 1112 1165 1213 excurrit,
1200 1108 1295 1195 alter
1325 1114 1372 1197 ad
1404 1112 1580 1198 alteram.
1674 1110 1716 1200 Si
1747 1126 1855 1204 enim
1890 1120 1932 1209 in
1972 1142 2034 1206 ae·

740 1218 924 1348 nuatione
956 1262 1029 1349 pto
1059 1245 1172 1323 ramis
1200 1238 1276 1325 idn
1311 1238 1507 1348 nztzy,
1541 1266 1716 1328 nnnrerns
1765 1265 1791 1330 n
1840 1270 1911 1357 par
1960 1248 2036 1361 dt,

740 1363 795 1449 eii
825 1368 868 1451 z’¹
903 1361 1054 1473 semper
1080 1362 1263 1475 quantitas
1290 1362 1551 1475 affirmarim,
1609 1366 1685 1455 stne
1727 1394 1755 1457 z
1804 1372 2034 1467 affirmante

690 1592 693 1595 ⁴
742 1492 811 1599 stt,
861 1490 934 1575 snut
966 1477 1158 1613 negarine.
1252 1488 1360 1603 Ergo
1388 1516 1430 1581 et
1463 1496 1553 1583 Aa‘
1586 1498 1652 1583 tel
1684 1498 1916 1591 affirmatina
1948 1509 2033 1599 erit.
2071 1574 2078 1587 .

738 1617 802 1706 nei
837 1638 1041 1729 negtttud,
1071 1638 1185 1731 prout
1218 1624 1256 1708 Α
1288 1618 1552 1729 affirmarim,
1584 1626 1646 1710 tel
1678 1631 1850 1739 negarint
1880 1628 1966 1738 est,
1987 1634 2036 1725 ad

739 1768 1007 1859 quamcunque
1061 1769 1213 1861 partem
1261 1772 1285 1835 a
1336 1752 1525 1864 principio
1575 1756 1640 1839 ino
1671 1756 1843 1843 abscriiae
1876 1776 2052 1873 proten,

739 1874 889 1960 dantur.
965 1874 1066 1961 Hinc
1093 1898 1134 1963 et
1162 1878 1376 1990 applicatae
1393 1903 1430 1985 y
1460 1884 1507 1967 ad
1541 1877 1614 1967 hoa
1645 1904 1774 1971 tamon
1807 1909 1951 1974 omnes
1983 1890 2031 1979 ad

741 2004 904 2089 candem
943 2002 1071 2088 baseos
1099 2028 1250 2115 partem
1283 2010 1433 2093 cadent.
1499 2006 1645 2095 Contra
1678 2009 1705 2097 fi
1734 2035 1760 2099 n
1789 2012 1919 2129 impar
1953 2012 2034 2105 fue

736 2130 819 2235 rit,
868 2133 914 2217 z'⁸
944 2128 1178 2220 affirmatiua
1209 2132 1282 2219 erit
1313 2139 1361 2221 ad
1391 2159 1419 2223 z
1450 2132 1726 2244 affirmatione,
1775 2162 1816 2229 et
1856 2150 2032 2258 neganda

740 2258 789 2342 ad
822 2281 849 2343 z
883 2264 1088 2370 negatinis.
1170 2259 1279 2373 Ergo
1312 2283 1353 2347 et
1384 2266 1500 2371 Az⁶,
1532 2282 1571 2350 et
1601 2264 1882 2384 huiceequalie
1904 2294 1953 2387 y,
1984 2276 2033 2361 ad

737 2407 872 2469 ramos
901 2388 943 2470 in
956 2424 961 2437 ·
975 2382 1172 2473 infinitum
1206 2393 1447 2477 excurrentes
1478 2392 1526 2477 ab
1575 2416 1653 2482 nna
1694 2420 1802 2509 parte
1850 2402 2032 2519 principi

738 2508 974 2603 affirmanda
1005 2516 1106 2625 etit,
1142 2516 1193 2602 ab
1221 2516 1344 2605 altera
1376 2520 1565 2633 negotiata.

893 2688 1021 2779 Potest
1054 2716 1150 2809 ergo
1181 2692 1278 2785 linea
1309 2700 1460 2811 generis
1491 2676 1698 2815 parabolici
1728 2705 1769 2795 in
1812 2708 1923 2801 eninr
1967 2736 2033 2803 aa·

736 2815 920 2926 qnatione
972 2842 998 2907 rt
1044 2846 1225 2920 numerus
1280 2850 1347 2939 par
1397 2830 1481 2940 eii,
1527 2830 1629 2920 basan
1670 2829 1775 2923 suam
1808 2844 1922 2953 plane
1955 2868 2031 2933 non

538 2985 544 2993 ·
658 3045 664 3057 ι
734 2936 894 3049 secare,
944 2972 1024 3055 quo
1055 2954 1139 3037 cain
1169 2970 1306 3039 omnen
1337 2956 1479 3044 radices
1522 2964 1784 3077 aequatione,
1831 2996 1928 3083 qnae
1978 2995 2028 3061 ex
2174 3068 2175 3071 γ

736 3067 804 3157 tua
836 3070 1057 3175 derinatnt,
1091 3076 1222 3190 pofito
1248 3106 1408 3194 azo,
1442 3086 1693 3199 impoffrbilea
1733 3098 1829 3182 stant.
1895 3094 2028 3213 lmpat

739 3218 900 3285 antem.
936 3202 962 3289 sr
993 3197 1103 3291 fuerit
1146 3230 1348 3317 exponens
1381 3213 1446 3300 iste
1478 3240 1514 3325 n,
1551 3218 1651 3306 balsan
1686 3223 1800 3309 semel
1819 3228 2027 3319 minimum

736 3348 763 3413 a
796 3323 898 3413 tinea
928 3335 1039 3417 secari
1073 3332 1213 3431 accede
1245 3338 1320 3445 est,
1354 3360 1467 3455 atque
1498 3370 1616 3430 vnam
1651 3351 1858 3439 minimum
1891 3378 2032 3471 aequa·

739 3448 889 3558 tionis,
929 3480 1025 3567 qnae
1058 3486 1128 3575 ptr
1160 3460 1458 3581 snppofitionetn
1477 3498 1616 3581 yzo
1652 3486 1808 3593 oritur,
1858 3488 2029 3577 radicem

741 3572 828 3665 effe
850 3581 1011 3669 realem.

892 3764 978 3855 Hae
1011 3770 1093 3859 sunt
1125 3780 1381 3891 proprietates
1412 3780 1547 3877 harum
1580 3791 1764 3880 lineamm
1806 3798 2024 3909 primatiae.

604 3972 608 3980 ,
736 3889 858 4009 Qnod
912 3897 959 3984 ad
1010 3902 1306 4019 descriptionem
1356 3918 1522 4024 attinet,
1574 3948 1730 4008 motum
1778 3942 2026 4041 excogitare,

734 4046 817 4132 qno
849 4026 930 4109 tatis
962 4030 1133 4119 accurate
1173 4036 1357 4149 designari
1408 4042 1548 4156 poffint
1600 4078 1763 4143 ornnes.
1812 4058 2026 4151 admodum

737 4144 896 4234 difficie
948 4154 1107 4261 indico,
1157 4188 1273 4275 qnare
1323 4172 1361 4255 id
1426 4194 1547 4283 neque
1609 4184 1767 4264 tentaui.
1852 4186 2025 4273 Verum

735 4274 880 4385 pnnsta
912 4279 1092 4369 lineantm
1126 4286 1237 4375 hrrius
1268 4302 1418 4405 generis
1448 4309 1684 4413 reperiuntur
1716 4305 1879 4415 facilius,
1912 4338 2026 4426 qttam

732 4404 818 4513 quis
871 4405 1105 4517 sperauerit,
1160 4444 1324 4528 qnorum
1372 4428 1400 4512 st
1450 4434 1503 4517 sat
1546 4460 1706 4545 magnus
1738 4438 1784 4522 stt
1816 4464 2029 4550 numerus,

732 4556 831 4647 quae
861 4560 940 4662 pet¹
973 4564 1018 4627 ea
1050 4541 1271 4639 deicribitut
1317 4580 1464 4672 curua,
1516 4585 1539 4651 a
1590 4586 1688 4651 neto
1736 4568 1908 4655 aberrare
1956 4572 2037 4669 rix*
