4584 5909
714 665 1096 764 oraton.
1435 698 1531 786 ³07

390 909 466 1008 ’7)
498 897 735 986 Anatornicis
764 921 876 1013 atque
899 899 1185 1010 ‘Physrologia,
1236 898 1341 995 unde
1390 870 1543 987 oriatur

256 1023 450 1112 centenius
481 1029 536 1132 is,
569 1031 672 1112 oculi
704 1031 925 1140 utriusque,
976 1047 1019 1112 ut
1054 1031 1216 1110 mutatio
1245 1029 1288 1110 ia
1319 1053 1405 1110 vno
1437 1055 1533 1114 con·

123 1161 127 1170 '
257 1154 439 1264 tingens,
462 1155 630 1238 auarum
662 1181 813 1266 quoque
846 1155 984 1242 afficiat
1012 1159 1201 1261 oculum,
1233 1156 1534 1266 inuestigandum

258 1287 435 1394 retiaquo
511 1279 905 1391 singularitatem,
938 1311 1034 1396 quae
1061 1284 1155 1370 hinc
1188 1285 1342 1389 elucet,
1380 1305 1534 1367 naturae

258 1434 409 1514 rerum,
425 1411 488 1494 sau
518 1411 778 1518 sapientifflmi
812 1416 939 1524 potina
968 1414 1130 1498 auctoris
1161 1412 1304 1522 ipsrus,
1327 1414 1536 1522 prouiden-

258 1541 358 1648 tiae,
386 1541 535 1624 mentio
552 1525 674 1624 adhn'c
702 1542 900 1624 iniicieada
920 1546 1078 1625 uidetur.
1130 1540 1207 1653 Qui
1242 1537 1333 1621 sano
1367 1543 1535 1648 gaudeat

257 1674 420 1776 atroque
451 1669 601 1766 otu10,
627 1671 839 1752 tentamine
878 1671 1053 1782 instituto
1084 1667 1364 1771 obturabunt,
1389 1666 1429 1746 se
1452 1691 1534 1750 vno

258 1795 379 1878 oculo
411 1795 559 1880 obiada
591 1801 763 1878 exarata
795 1799 949 1906 posrra,
977 1823 1057 1881 non
1092 1793 1236 1876 minori
1253 1792 1422 1877 claritate
1438 1819 1536 1878 con-

258 1925 435 2034 spicere,
466 1947 578 2032 quarn
611 1921 637 2004 fi
672 1945 879 2035 utrumque
908 1925 1136 2025 adhibeant,
1185 1921 1315 2004 {altem
1346 1925 1396 2006 de
1446 1947 1533 2007 nae·

255 2049 483 2159 metipso,
516 2049 592 2132 hoc
621 2049 814 2134 affirmare
855 2054 1016 2162 possum.
1102 2049 1323 2168 Quaerenda
1373 2047 1427 2133 est
1476 2049 1535 2134 rei

259 2177 371 2262 huius
405 2179 501 2262 ratio
532 2177 608 2260 fine
638 2179 759 2262 dubio
780 2179 823 2260 in
855 2205 922 2286 ea,
955 2203 1068 2288 qnam
1101 2177 1296 2285 expofiai,
1332 2177 1534 2262 oculorum

260 2307 509 2416 proprietate.
578 2305 748 2419 Quodsr¹
770 2310 876 2388 enim
929 2305 1068 2416 pupiila
1107 2304 1211 2385 ocuti
1261 2305 1414 2396 alterius,
1454 2328 1535 2386 non

257 2437 465 2518 immutata
500 2431 707 2543 perstaret,
734 2431 862 2514 aiaoso
890 2431 1039 2535 altero,
1087 2431 1242 2514 dimidia
1281 2431 1403 2512 solam
1435 2427 1539 2540 quast
1660 2450 1667 2460 ·

257 2563 432 2645 claritate
464 2557 629 2667 conspici
677 2579 764 2642 tum
819 2559 974 2668 poffeur
1024 2557 1201 2666 obieeta.-
1258 2556 1366 2671 ·Quo
1411 2557 1541 2642 minos

256 2708 388 2774 autem
421 2685 500 2800 hoc
530 2683 672 2784 fieret,
704 2686 806 2794 qrrod
836 2683 980 2794 saepius
1011 2683 1216 2766 molestum
1249 2681 1376 2787 soret,
1414 2687 1538 2770 talem

257 2817 365 2902 dedit
395 2831 523 2897 natura
557 2813 673 2898 oculis
706 2809 1051 2910 nathanismum
1084 2827 1128 2891 ut
1161 2808 1288 2891 dauso
1330 2810 1536 2895 oculorum

260 2949 412 3048 altero,
448 2939 600 3055 alterius
617 2937 756 3046 ¹statim
795 2939 936 3052 pupilla
987 2954 1135 3021 tunnam
1188 2937 1404 3049 aperiatur,
1454 2961 1536 3052 quo

258 3071 414 3183 duplam
450 3069 657 3152 minimum
690 3065 840 3148 luminis
872 3066 1117 3175 quantitatem
1151 3064 1281 3146 oculus
1320 3074 1519 3172 recipere,

259 3221 372 3304 arque
407 3198 561 3280 sensorio
591 3193 756 3281 eandem
790 3193 1010 3280 conseruare
1044 3208 1187 3302 queat,
1234 3213 1353 3300 quarn
1386 3191 1536 3295 habrae.

259 3347 322 3412 tat
350 3323 578 3410 claritatem.

427 3577 470 3693 8)
503 3575 713 3692 Superest,
744 3602 788 3668 ut
819 3581 928 3668 unius
960 3581 1112 3688 adhuc,
1141 3581 1242 3693 quod
1274 3580 1378 3690 iapra
1411 3605 1535 3668 anno-

257 3713 375 3808 tnui,
407 3712 667 3820 phaenomeni
719 3723 908 3796 rationem
962 3714 1131 3794 reddam.
1217 3709 1289 3814 Si,
1335 3707 1536 3816 postquam

258 3841 391 3924 oculua
423 3840 558 3920 dexter
587 3842 858 3948 palpebrarum
884 3865 971 3948 open
997 3837 1137 3920 etanta
1163 3836 1248 3940 ed,
1280 3860 1398 3917 manu
1429 3836 1553 3936 ubter

258 3973 392 4078 gitur,
425 3966 589 4076 pupiilae
620 3949 792 4073 apertura
827 3972 865 4050 in
899 3967 1013 4050 oculo
1054 3965 1196 4048 dnistro
1242 3964 1366 4070 magis
1415 3963 1539 4047 adhuc

261 4096 445 4179 increscit.
508 4095 651 4178 Ortum
688 4095 765 4177 hoc
798 4096 943 4178 trahere
977 4095 1064 4176 inde
1104 4094 1261 4195 iudico,
1312 4089 1415 4198 quod
1455 4091 1539 4200 pal-

210 4315 215 4322 ·
263 4227 405 4334 pebrae
436 4223 549 4304 oculo
582 4221 797 4328 addudere,
831 4249 909 4304 non
943 4221 1013 4304 sant.
1046 4220 1192 4329 penitus
1224 4239 1402 4328 opacae,
1444 4220 1538 4328 sed,

262 4372 309 4435 ut
340 4349 522 4460 quaedam
554 4347 673 4430 adhuc
710 4351 861 4434 luminis
894 4349 960 4432 fiat
1011 4349 1052 4430 in
1104 4348 1259 4430 oculum
1308 4345 1538 4455 impressio,
1615 4375 1624 4384 ¹

262 4483 504 4591 permittant.
569 4475 612 4564 Si
645 4478 759 4588 igitur
787 4503 922 4566 mantus
952 4479 1066 4562 oculo
1100 4471 1347 4589 opponatur,
1386 4469 1538 4556 excluso

320 4621 327 4633 '
413 4644 418 4653 ·
840 4605 1002 4722 Qqa
1414 4603 1536 4684 ettam
1649 4612 1671 4678 ζ
