4584 5909
744 664 869 749 206·
986 652 1075 752 DE
1122 646 1363 748 FIGVRIS
1410 648 1780 749 recitemus
1846 769 1849 787 Ι

887 885 1017 1001 Atque
1046 888 1248 976 dcundum
1282 902 1508 998 perpetuam
1539 884 1638 974 hanc
1668 883 1817 996 legem,
1857 900 1913 964 ex
1940 876 2021 965 solo

740 1038 908 1105 numero
953 1018 1164 1103 modorum
1214 1014 1383 1101 soluendi
1419 1037 1458 1123 1,
1488 1017 1553 1126 qui
1588 1014 1748 1126 pertinet
1778 1010 1827 1097 nd
1857 1007 2017 1119 figurem

740 1147 887 1249 ordinis
916 1168 962 1249 o,
1016 1144 1167 1229 numeri
1217 1146 1389 1228 eiusdem
1439 1144 1588 1252 generis
1635 1164 1802 1247 omnes,
1849 1160 2014 1249 quorum

741 1273 897 1357 cuilibet
929 1272 992 1381 qui
1023 1270 1255 1381 respondet,
1305 1270 1450 1353 ordinis
1482 1272 1633 1371 index,
1682 1268 1745 1353 uei
1774 1268 1901 1351 unitas
1932 1264 2011 1373 est,

740 1401 804 1485 uel
834 1423 1016 1497 numerus
1046 1416 1239 1510 ruuntque
1271 1420 1463 1508 magnus,
1493 1396 1625 1483 senssm
1656 1395 1872 1482 eliciuntur.
1922 1456 1925 1465 ι
1989 1418 1992 1427 ·

1156 1606 1603 1738 Demonstratio
1639 1558 1643 1563 Ι

552 1807 637 1885 Teis.
662 1806 730 1887 tv,
893 1798 954 1894 Sit
1001 1806 1042 1894 in
1092 1804 1273 1919 triangula
1305 1806 1505 1895 diuidenda
1535 1802 1653 1913 figura
1685 1794 2017 1891 ACDEFGB.

579 1908 655 2012 ΠΒ·
679 1934 713 2008 5·
739 1927 842 2018 Cum
874 1956 970 2047 ergo
1001 1958 1082 2019 non
1114 1935 1187 2019 aiia
1220 1930 1297 2019 ede
1348 1934 1511 2049 debeant
1558 1954 1699 2016 eorum
1749 1932 2019 2042 trianguiomm

737 2062 889 2166 ittera,
940 2087 1055 2174 quam
1098 2087 1193 2173 quae
1235 2063 1372 2147 eadem
1404 2062 1468 2145 uei
1500 2062 1612 2145 latera
1644 2058 1725 2143 sunt
1755 2054 1896 2181 figurae
1927 2058 2019 2143 diui·

736 2190 913 2293 dendae,
946 2189 1013 2273 uel
1043 2190 1284 2299 diagonnies:
1348 2187 1544 2303 quodlibet
1575 2185 1717 2295 figurae
1732 2180 1876 2293 'latus,
1930 2185 2022 2271 latus
2186 2216 2187 2225 ¹

739 2315 826 2401 fieri
858 2316 970 2399 unius
1000 2316 1306 2426 triangulorum,
1353 2314 1478 2401 debet.
1575 2311 1755 2401 Sumatur
1784 2334 1877 2424 ergo
1926 2312 2023 2397 latus
2186 2342 2187 2353 ¹

739 2438 838 2540 AB,
867 2443 916 2526 ab
947 2464 1071 2553 eoque
1121 2442 1256 2529 diuifio
1303 2442 1505 2529 inchoetur
1553 2438 1634 2550 src,
1682 2459 1728 2525 ut
1773 2440 1893 2551 snpra.
1924 2440 2022 2525 bafin
2186 2474 2187 2477 ¹

743 2566 831 2655 AB
881 2570 1058 2653 statuamr
1089 2570 1353 2685 triangulum,
1399 2572 1504 2656 cuius
1535 2592 1636 2681 apex
1666 2567 1725 2652 uel
1752 2570 1791 2652 in
1822 2562 1858 2651 C
1887 2570 2024 2678 cadat,

744 2696 812 2781 vel
843 2698 883 2779 in
915 2692 986 2805 D,
1015 2690 1082 2780 uel
1114 2697 1156 2779 in
1185 2700 1432 2811 quodcunque
1463 2696 1571 2783 huius
1599 2697 1750 2809 generis
1789 2696 2022 2809 pund‘tomm

744 2822 1012 2932 reliquorum,
1073 2848 1235 2935 quorum
1284 2825 1439 2937 quidem
1490 2848 1695 2933 numerus,
1745 2848 1836 2909 cum
1884 2826 2025 2912 duabus

744 2950 951 3036 unitatibus
993 2948 1127 3035 minor
1156 2952 1201 3037 fit
1228 2976 1394 3039 numero
1422 2954 1646 3063 angulorum
1680 2948 1822 3063 figurae
1854 2952 2025 3039 diuiden-

744 3074 847 3185 dae,
896 3076 1009 3161 indici
1059 3079 1203 3165 ordinis
1249 3080 1418 3165 eiusdem
1470 3078 1613 3191 figurae
1657 3092 1685 3165 'n
1735 3082 1901 3191 aequalis
1938 3082 2024 3165 erit.

743 3195 953 3321 andiibet
1002 3204 1145 3290 horum
1196 3202 1464 3319 triangulorum
1516 3226 1562 3291 ut
1616 3202 1758 3293 ADB
1819 3232 1841 3293 a
1903 3206 2025 3319 figura
2121 3240 2125 3249 ·

741 3327 1060 3419 ACDEFGB
1103 3334 1282 3420 resecebit
1334 3334 1517 3421 finistram
1565 3328 1717 3427 Act),
1766 3354 1806 3419 et
1852 3328 2025 3421 dextram
2073 3368 2076 3373 ·

746 3456 997 3566 DEFGB,
1030 3485 1190 3575 quanam
1220 3462 1297 3571 ilia,
1330 3461 1397 3545 vel
1429 3463 1522 3549 haec
1556 3461 1653 3548 linea
1685 3462 1807 3571 reeta,
1837 3462 1903 3548 vel
1926 3450 2027 3547 biau-

745 3588 910 3699 guinm‚
959 3587 1067 3690 erit,
1135 3588 1300 3701 fiapex
1349 3588 1524 3701 trianguli
1572 3590 1840 3711 cecideritin
1883 3592 2029 3703 ponda
2185 3622 2186 3627 ¹

744 3712 948 3825 affnmptis
980 3710 1092 3823 A,13
1123 3717 1281 3827 vicina,
1312 3710 1349 3799 C
1380 3714 1517 3806 veiG:
1537 3716 1682 3803 summa
1700 3736 1826 3803 autem
1844 3718 2026 3820 indicum,

745 3868 912 3953 quorum
959 3868 1054 3927 unns
1102 3842 1246 3953 figurae
1292 3844 1479 3959 dextrae,
1526 3844 1622 3929 alter
1653 3846 1817 3932 finissrae
1849 3848 2023 3931 ordinem

746 3974 953 4079 exponit,
1008 3972 1157 4083 semper
1204 3972 1338 4057 eadem
1388 3974 1496 4077 erit,
1540 3998 1679 4085 n-13
1731 3974 1835 4058 vnde
1885 3974 1914 4059 fi
1969 3976 2026 4057 in·

746 4090 826 4178 dex
874 4096 1019 4180 ordinis
1064 4098 1205 4211 figurae
1253 4100 1414 4185 sinistrae
1464 4102 1508 4186 fit
1546 4124 1601 4208 0,
1633 4104 1706 4186 erit
1737 4101 1869 4185 index.
1886 4102 2028 4189 ordinis

669 4296 676 4302 ,
747 4219 891 4331 figurae
938 4224 1094 4307 dextrae
1140 4250 1276 4331 n-1‚
1305 4228 1333 4311 sr
1364 4228 1480 4314 index
1510 4231 1649 4315 ordinis
1680 4228 1825 4339 figurae
1865 4228 2025 4317 sinistrae

747 4349 795 4436 rit
830 4376 879 4458 r,
906 4350 984 4437 erit
1011 4352 1129 4439 index
1150 4356 1303 4441 ordinis
1333 4352 1476 4468 figurae
1509 4355 1666 4445 dextrae
1712 4380 1842 4467 n-2,
1890 4376 1931 4443 et
1978 4358 2028 4443 ita
2184 4450 2185 4471 Ν

748 4498 885 4591 pono.

1986 4702 2032 4800 Si
