4584 5909
680 581 848 762 ’,ιςο
895 564 903 580 ’
1005 636 1093 751 na
1116 578 1119 582 ⁷
1146 632 1436 725 cannara
1482 624 1789 727 CAVSTlcls

907 870 975 953 Ex'
1004 866 1113 951 vitris
1144 864 1245 951 hisce
1276 866 1313 949 in
1344 852 1539 977 superficie
1571 805 1769 975 posteriori
1805 864 2037 976 amalganta·

732 1015 797 1103 ⁷te
829 986 1034 1101 obductis,
1065 999 1217 1109 egregia
1250 993 1395 1109 specula
1427 993 1564 1077 vstotia
1598 991 1745 1103 possent
1775 998 1901 1104 parati
1929 990 2006 1107 (h).

754 1295 816 1404 (h)
844 1298 888 1371 D.
916 1299 957 1371 de
981 1294 1086 1381 Buffnn
1109 1293 1138 1365 l.
1163 1316 1191 1365 c.
1218 1318 1250 1387 p.
1279 1312 1359 1378 307.
1385 1298 1480 1362 variia
1507 1291 1609 1367 modia
1629 1293 1789 1371 cochleae,
1812 1317 1908 1393 qoam
1949 1295 2037 1368 tabu·

828 1391 2037 1566 ¹²⁰¹³ir0³⁰alllll⁰nl²ffillll'lllllhlhldiligi?ieelim

828 1522 1040 1689 ⁸sulceutagnam
1064 1516 1232 1663 distmt'nnl
1255 1516 1353 1662 radipdt
1377 1596 1510 1665 reflexos
1532 1595 1698 1691 colligant,
1726 1593 1788 1686 ipse
1815 1614 1896 1661 vero
1929 1519 2038 1663 eluiss-t

828 1696 940 1768 talium
967 1694 1078 1763 hatum
1104 1692 1300 1765 incommoda
1325 1694 1475 1789 quaedam
1502 1695 1640 1779 indicat,
1674 1697 1809 1789 inprimis
1835 1690 1923 1788 quod
1949 1694 2035 1765 tabo·

829 1793 879 1867 lae
904 1791 990 1865 facile
1015 1791 1206 1889 frangantur.
1278 1786 1458 1877 Remedia,
1482 1792 1595 1891 quibus
1623 1792 1817 1865 incommoda
1844 1793 1915 1861 haec
1932 1793 2032 1864 tollere

831 1892 956 1975 hudet,
981 1894 1132 1988 ingeniose
1157 1895 1337 1989 excogitata
1364 1892 1420 1963 elle
1448 1916 1512 1962 non
1536 1918 1644 1990 nego;
1671 1892 1750 1963 mihi
1775 1913 1880 1961 tamen
1912 1895 2034 1963 nimiam

829 2015 958 2092 operam
985 1995 1156 2089 nimiasque
1180 1992 1332 2088 inpensas
1360 1991 1500 2087 postolare
1527 1992 1693 2081 videntur,
1720 2014 1757 2063 ne
1781 1989 1883 2061 dicam
1910 1989 2032 2061 dubita·

718 2095 721 2104 “
830 2117 866 2168 te
892 2116 968 2175 me,
990 2116 1026 2161 an
1050 2092 1169 2190 semper
1195 2094 1255 2163 sunt
1280 2092 1446 2165 suoeeffura.
1495 2088 1651 2191 sulphur,
1677 2114 1713 2161 vt
1738 2112 1841 2161 aetetn
1868 2096 1933 2187 post
1967 2090 2030 2188 spe-

832 2193 942 2268 culum
969 2189 1151 2277 absorbeau,
1189 2191 1344 2263 aoeeodecc
1371 2192 1439 2266 vult
1465 2192 1532 2287 ipso
1564 2190 1700 2291 speculo,
1735 2190 1840 2263 madio
1880 2194 1910 2259 in
1949 2191 2033 2261 lentit

828 2311 989 2366 mooexae
1014 2295 1144 2388 figuram
1169 2295 1273 2383 trito,
1296 2313 1389 2377 mm,
1414 2315 1563 2393 quantum
1590 2313 1652 2388 ego
1691 2292 1811 2375 video,
1850 2286 1966 2361 facilius
2001 2288 2031 2361 id

832 2392 978 2490 applicata
1007 2393 1087 2463 lente
1111 2396 1226 2463 asturia
1267 2393 1387 2463 minore
1431 2392 1551 2489 vulgari
1588 2390 1668 2465 effici
1704 2393 1823 2486 poffit3
1863 2414 1963 2489 neque
1997 2386 2030 2461 ad
2073 2406 2078 2414 ‘

831 2489 997 2567 meranda
1024 2488 1147 2562 cochlea
1172 2487 1289 2561 tabulas
1325 2514 1389 2559 noo
1429 2492 1622 2583 perforatas,
1661 2494 1741 2559 aeris
1779 2485 1931 2561 auxilium
1975 2510 2032 2559 taut
2086 2558 2090 2569 ,

692 2634 698 2646 1
829 2594 957 2689 operose
982 2595 1025 2661 est
1049 2589 1275 2663 aduocandum.
1323 2584 1437 2661 Vnum
1463 2618 1506 2664 ex
1535 2590 1647 2661 mediis
1672 2588 1855 2661 facilioribus
1881 2587 1964 2659 idem
1982 2588 2031 2658 ob-

830 2690 974 2783 tioendl,
999 2689 1056 2759 tale
1093 2687 1176 2757 mihi
1211 2688 1270 2760 eise
1304 2688 1439 2760 viderur.
1519 2686 1631 2761 Ptisma
1669 2688 1908 2787 quadrangulare
1946 2710 2030 2760 tenue

673 2793 676 2799 ’
830 2788 964 2862 sinnam
988 2809 1123 2885 utroque
1148 2808 1297 2858 extremo
1326 2792 1526 2874 incarnetur,
1559 2795 1591 2859 iu
1621 2794 1730 2861 medio
1757 2813 1831 2859 vero
1855 2787 1962 2859 habeat
1986 2790 2029 2857 so-

832 2908 952 2973 tamen,
976 2889 1026 2958 cui
1053 2886 1171 2961 indum
1194 2891 1235 2959 est
1258 2886 1378 2959 cochlea
1403 2889 1553 2959 foemina.
1603 2884 1708 2961 Huius
1733 2887 1883 2984 prismatis
1896 2908 2028 2959 extrema

832 2987 945 3058 inflexa
969 2984 1009 3057 ad
1035 2984 1208 3071 annulum,
1233 2990 1284 3057 cui
1307 2984 1457 3083 speculum
1484 2987 1656 3073 incumbit,
1690 2994 1852 3061 firmentur
1898 2992 1964 3072 fic,
1998 3008 2031 3059 vt

830 3086 942 3185 spentli
990 3086 1155 3179 superficiei
1205 3088 1349 3157 anteriori
1401 3088 1580 3175 incumbat,
1624 3090 1766 3161 foramen
1805 3110 1882 3159 vero
1928 3084 2029 3156 medio

833 3186 944 3283 speculi
968 3184 1157 3280 respondeat.
1208 3180 1311 3283 Igitur
1336 3186 1446 3257 lamina
1470 3193 1607 3261 cralsrore
1630 3188 1806 3259 aurichabea
1830 3207 1941 3259 centro
1968 3184 2029 3281 spe-

832 3285 901 3377 culi
928 3288 1092 3381 imposta,
1127 3283 1251 3356 cochlea
1277 3308 1353 3357 vero
1379 3310 1487 3372 mate,
1512 3312 1565 3383 per
1592 3290 1727 3360 foramen
1751 3286 1874 3371 adacta,
1912 3286 2028 3357 curuati

833 3382 857 3458 s
903 3384 994 3457 ulum
1018 3385 1130 3455 senfim
1156 3389 1264 3482 poteh.
1324 3380 1437 3457 Iasiona
1459 3388 1557 3487 aliqua
1595 3390 1657 3475 ht,
1696 3387 1748 3459 led
1772 3394 1911 3484 exigua,
1933 3384 2027 3469 lucit,

833 3409 917 3558 ilde
942 3506 1057 3582 partem
1093 3483 1205 3580 speculi
1244 3504 1394 3580 tegente3
1431 3486 1499 3557 hoec
1535 3488 1664 3574 iactura,
1706 3508 1743 3557 vt
1778 3506 1928 3587 quantum
1967 3485 2029 3553 fieti

833 3587 932 3683 potest
967 3584 1188 3669 diminuatur,
1229 3586 1368 3657 craffitier
1393 3586 1541 3682 prismatis
1567 3590 1658 3657 serre'r
1683 3591 1803 3685 exigua
1829 3587 1893 3663 stt,
1927 3584 2027 3653 latitu-

831 3680 877 3755 do
901 3683 993 3779 paulo
1015 3687 1142 3773 mai0t3
1169 3682 1333 3779 applicetur
1371 3708 1450 3755 veto
1487 3684 1607 3781 speculo
1643 3690 1709 3773 fic,
1746 3711 1782 3755 vt
1819 3686 1957 3755 craffities
1994 3686 2026 3752 ht

832 3781 953 3880 speculo
980 3781 1139 3879 parallela,
1166 3781 1298 3854 latitudo
1324 3782 1589 3883 perpendicularis.
1653 3782 1700 3857 Sic
1726 3784 1876 3856 foramine
1915 3805 1967 3878 per
1988 3778 2025 3850 la·

829 3879 1000 3953 titudinem
1025 3886 1226 3966 transeunte,
1252 3886 1317 3953 sartis
1341 3887 1489 3955 firmitatis
1512 3882 1668 3955 chochleae
1703 3883 1869 3983 adigendae
1906 3882 2024 3983 supere·

832 3986 898 4074 tlt,
921 3985 1002 4057 radii
1025 4004 1129 4056 autem
1154 4005 1172 4054 a
1194 3984 1320 4053 crailitie
1343 3988 1498 4081 pauciores
1525 3982 1743 4080 impedientur.

912 4178 1019 4256 Huius
1042 4188 1087 4255 tei
1112 4186 1366 4280 experimentum
1389 4188 1458 4283 cepi
1481 4186 1565 4259 tale:
1592 4184 1746 4261 Tabulam
1770 4210 1813 4260 ex
1845 4192 1932 4261 vitro
1962 4190 2025 4288 spe·

831 4278 925 4352 colati
950 4305 1067 4355 veneto
1077 4330 1090 4369 ‚
1118 4284 1259 4357 diametri
1286 4286 1355 4385 dig.
1380 4285 1464 4359 then.
1491 4290 1600 4386 viginti
1635 4292 1789 4373 duorum,
1824 4294 1963 4361 craffitiei
1988 4290 2023 4361 li-

837 4400 964 4453 aearum
991 4385 1146 4462 duarum,
1166 4386 1277 4457 annulo
1299 4386 1509 4472 circumdedi,
1533 4387 1672 4485 supposui
1706 4410 1785 4459 veto
1815 4390 1954 4461 cochleae
1993 4392 2027 4459 iic

833 4479 946 4565 anth,
971 4508 1053 4584 quae
1072 4483 1111 4556 ad
1137 4482 1230 4581 sigilla
1253 4509 1334 4559 cerae
1358 4488 1564 4582 imprimenda
1589 4486 1731 4561 adhiberi
1764 4484 1883 4571 solent,
1921 4488 2027 4561 deinde

832 4581 955 4655 viuum
973 4584 1098 4661 cochlea
1122 4581 1233 4660 medio
1256 4588 1320 4662 eiua
1344 4592 1548 4684 imminente,
1572 4609 1699 4665 taurum
1723 4591 1865 4681 cutuau,
1879 4610 2029 4703 quantun
