4584 5909
429 607 649 706 ruuuu
694 605 778 702 su
823 600 1350 760 commoturum:
1506 583 1540 715 a

253 837 402 930 militer
431 843 585 952 quidem
612 833 841 944 usuvenit,
890 859 936 924 vt
966 841 1043 925 bini
1075 865 1179 927 arcus
1210 841 1381 952 aequales
1410 837 1533 926 extro

251 971 336 1055 beri
369 990 576 1080 nequeant,
608 971 674 1077 qui·
703 993 781 1052 non
815 967 923 1051 iimo!
956 973 1055 1052 inter
1085 973 1120 1053 se
1155 971 1227 1065 srnt
1257 969 1426 1076 ssmiles,
1461 979 1549 1053 tev'

253 1126 342 1183 rum
374 1098 450 1182 hoc
486 1099 612 1180 multo
647 1096 767 1203 magis
800 1117 937 1178 notatu
963 1101 1036 1181 erit
1065 1099 1257 1206 dignum,
1315 1097 1418 1206 quod
1451 1117 1541 1181 tam»

252 1227 298 1311 in
331 1225 485 1336 eiiipsr,
518 1251 633 1337 quam
669 1224 898 1334 hyperbole,
929 1225 1132 1337 propofito
1181 1249 1267 1308 arcu
1297 1247 1544 1335 quocunque„

254 1357 404 1463 semper
436 1354 530 1436 alius
559 1377 671 1438 arcus
696 1351 860 1460 assignata
888 1374 1029 1462 queat,
1059 1355 1123 1463 qui
1157 1353 1251 1437 iilius
1278 1351 1399 1463 duplo
1413 1411 1427 1458 ,
1470 1349 1539 1437 ael

255 1480 390 1592 triplo,
423 1482 492 1564 uel
521 1480 704 1590 multiplo
736 1483 945 1592 cuicunque
977 1482 1024 1565 tit
1056 1481 1229 1593 aequalia.

406 1646 451 1726 5,
505 1625 846 1738 Quemadmodum
899 1625 1012 1734 igitur
1059 1625 1209 1708 ratione
1240 1618 1548 1735 comparationis

255 1752 489 1842 diuersorum
521 1777 705 1857 arcuum,¹
736 1752 872 1862 ellipsis
904 1773 944 1834 et
976 1752 1191 1861 hyperbole
1222 1751 1392 1834 indolem
1425 1772 1547 1859 para.

256 1883 369 1968 boiae
401 1881 629 1989 sequuntur,
682 1885 739 1963 ita·
766 1905 878 1964 cuma
911 1879 1140 1964 lemniscata·
1164 1879 1239 1990 ipsr
1266 1879 1406 1963 circulo
1437 1873 1542 1964 dmi·

253 2013 307 2096 iis
339 2008 648 2118 deprehenditur.
716 2005 764 2091 lu
796 2034 840 2092 ea
871 2010 977 2094 euim
1008 2033 1133 2112 cuma,
1166 2033 1283 2119 aeque
1303 2031 1357 2088 ‘ac
1391 2007 1433 2088 in
1465 2003 1541 2087 cir*

254 2139 377 2245 culo,
424 2139 458 2222 sr
504 2138 724 2248 propoii'tus·
767 2136 883 2221 firerit
919 2163 1022 2222 arcus
1050 2137 1290 2247 quicunque,
1337 2131 1551 2252 apundto
1706 2157 1710 2166 ·

250 2266 397 2378 quouis
429 2267 520 2349 dato
550 2289 678 2348 arcum
704 2264 928 2369 abscindere
960 2269 1077 2368 licet,
1125 2267 1192 2376 qui
1226 2261 1420 2376 propoiito
1480 2253 1556 2342 aelf.

182 2444 184 2455 ·
249 2395 379 2477 fiterit
406 2394 598 2496 aequalis,
629 2392 702 2473 ael.
729 2392 843 2499 dupio
875 2396 1027 2499 maior,‚
1050 2393 1115 2474 uel
1144 2395 1263 2502 triplo
1277 2448 1302 2502 ,ξ
1325 2389 1396 2472 uel.
1422 2387 1547 2492 toties,

249 2523 419 2631 quoties·
451 2518 628 2602 [abuerit.-
682 2515 740 2599 In
766 2515 837 2600 hac
868 2542 1034 2629 namque
1065 2542 1176 2601 curua
1197 2517 1408 2624 ,sperinde
1434 2534 1556 2622 atque-

251 2651 297 2734 ia
337 2646 514 2750 circulor
538 2641 731 2724 eiusmodi
746 2641 868 2725 'arcus‘
898 2669 981 2722 non
1012 2645 1148 2725 dantur
1163 2643 1180 2750 ‚'
1226 2665 1389 2752 quorum
1439 2637 1550 2722 diffe-

254 2772 387 2860 tentia
415 2769 649 2882 geometrice
681 2764 795 2878 poffit
819 2765 1013 2879 affignaria
1181 2859 1188 2876 ¹

416 2939 462 3016 o.
495 2932 605 3048 Quae
635 2947 768 3018 autem·
794 2930 862 3014 hic
893 2928 1210 3039 famulaturus,
1260 2927 1396 3017 muitu-
1434 2929 1557 3016 iatius·

260 3078 431 3179 patent,
462 3085 577 3172 quam
609 3060 661 3145 ad
689 3085 819 3145 cumas
831 3079 1177 3167 commemoratas,
1204 3059 1381 3170 eliquia,
1415 3059 1552 3170 hyper·

259 3194 405 3279 boiam
432 3210 476 3274 et
507 3187 800 3292 lemniscatam,
835 3191 981 3300 quippe
1012 3211 1108 3298 quae
1140 3205 1289 3274 tantum
1322 3186 1424 3272 casus
1452 3183 1566 3298 quafi'r

259 3317 565 3431 iimpiiciiiimos
592 3317 825 3403 constituunt
857 3317 1145 3424 formulamm,
1194 3341 1285 3427 quas
1316 3315 1412 3402 haec
1463 3338 1561 3399 me·r

261 3447 413 3534 rhodus
454 3441 677 3558 suppeditat.
764 3443 836 3531 His
866 3437 971 3530 enim
1000 3441 1171 3530 formulis
1199 3445 1355 3531 euolutis
1386 3443 1565 3528 timitem

259 3577 601 3686 comparationem
650 3571 696 3658 in
723 3570 882 3658 infinitis
912 3574 994 3658 aliis
1022 3600 1234 3660 cumarum·
1259 3573 1460 3684 generibus
1493 3573 1557 3653 iit·

260 3703 423 3792 nituere
459 3702 598 3787 iicebit.
682 3701 1030 3818 Quemadmodum
1065 3723 1194 3788 autem
1227 3704 1404 3813 primum
1436 3697 1568 3812 sparta

268 3856 379 3918 men.
403 3831 621 3915 euoiutione
652 3827 769 3916 huiua
791 3831 1025 3940 aequatiouia
1067 3831 1295 3914 innitebatur
1314 3862 1338 3914 2.-

394 3978 1473 4106 oza-q-an(u÷y)÷q('a·x÷yy·)÷2·d··xy;=·

264 4137 324 4226 ita
359 4137 430 4224 hic
459 4139 724 4253 aequationem
764 4138 887 4223 latiur·
925 4156 1120 4248 patentem
1171 4136 1427 4222 fundamenti¹
1466 4135 1573 4227 iocor

262 4264 418 4352 affnmi
449 4285 604 4377 oportet
622 4295 647 4378 'a
691 4292 746 4352 ex
777 4283 1202 4378 mammoneamque
1235 4264 1573 4378 tariabiiie,npe.:
1673 4311 1677 4322 ·

265 4394 532 4480 extradiionia
560 4395 697 4483 radicis
725 4396 924 4511 quadratae
932 4459 961 4504 ,ff
976 4388 1137 4478 definiri·
1156 4409 1284 4506 queat.
1352 4389 1414 4480 Sit
1450 4393 1578 4504 igitun

269 4522 478 4640 propone
507 4522 615 4613 haee·
1602 4521 1607 4531 ’

880 4613 988 4788 η
1332 4640 1577 4800 Aequa-
