4584 5909
101 658 107 674 ’
256 835 264 848 ,
677 633 1160 848 lautomiae
1462 623 1545 786 5
1988 733 1992 740 ’

874 908 949 1000 v1.

270 1061 657 1222 'Enumeratio
697 1093 1051 1240 modorum,
1094 1093 1292 1255 quibus
1328 1093 1543 1264 figurae
1710 1155 1714 1160 ·
1823 1169 1829 1178 -
1934 1139 1938 1146 ·

267 1253 480 1437 planae
520 1263 844 1390 rectilineae
884 1305 988 1432 per
1027 1262 1348 1430 diagonales
1398 1267 1541 1392 diui·

530 1458 534 1465 '
575 1434 790 1592 duntur
829 1441 893 1564 in
935 1437 1228 1602 triangula

360 1719 538 1847 Auli.
582 1721 623 1846 1.
668 1722 753 1846 A.
793 1719 870 1924 de
909 1723 1128 1892 Segner
1167 1763 1297 1894 pag.
1342 1765 1469 1880 203.
1620 1859 1664 1908 .-

389 2044 516 2132 uando
543 2049 584 2132 in
614 2041 843 2136 Geometria
873 2072 963 2137 area
990 2048 1198 2162 figuramm
1229 2045 1393 2161 pluribus
1415 2045 1545 2134 lateri·

420 2174 486 2259 bus
513 2174 734 2263 incluumm
766 2173 917 2264 definiti
947 2179 1097 2286 debet,
1131 2199 1202 2262 eae
1234 2200 1304 2288 per
1330 2178 1545 2287 diagonalta
1640 2237 1644 2243 -

231 2299 314 2382 -iu
345 2302 529 2412 triangula
559 2303 694 2390 msrrlui
723 2302 874 2410 solent,
909 2307 998 2418 quia
1021 2317 1114 2391 ‘tum
1144 2307 1322 2416 cuiusque
1361 2301 1579 2414 trianguli.

240 2449 385 2546 ,areae
414 2449 471 2512 ex
499 2431 661 2538 cognitio
690 2431 868 2516 lateribus
897 2432 1006 2518 faede
1054 2433 1371 2518 determinantur.
1450 2432 1544 2546 Quo

250 2549 445 2661 -pluribtn
471 2570 606 2638 autern
637 2555 813 2638 uteribus
839 2556 962 2664 figura
986 2559 1043 2641 est
1074 2559 1264 2666 praedita,
1301 2581 1353 2639 eo
1381 2555 1549 2667 pluribus
1611 2665 1616 2676 ι

258 2676 404 2764 modis
431 2699 521 2760 eam
553 2675 630 2760 hoc
661 2679 787 2762 modo
813 2679 855 2759 in
885 2681 1068 2789 triangula
1106 2681 1242 2764 resolui
1289 2685 1426 2790 polle,
1480 2679 1546 2764 uel

262 2801 411 2888 leuiter
454 2799 665 2887 attendenti
706 2801 829 2886 llatim
859 2803 914 2888 eu
944 2804 1201 2909 maniiestum.
1282 2805 1343 2891 Ita
1376 2830 1467 2890 cum
1500 2809 1541 2892 in

259 2928 569 3042 quadrilaterum
598 2933 693 3014 duas
718 2927 936 3038 diagonales
961 2933 1099 3017 duce'te
1139 2919 1281 3039 liceat,
1312 2933 1541 3044 quadrilate-
1573 2983 1577 2990 ·

261 3081 359 3144 rum
390 3054 535 3168 duplici
566 3055 693 3143 modo
721 3057 763 3140 in
796 3057 890 3173 bina
914 3057 1103 3169 triangula
1134 3059 1329 3144 diuiditur.
1404 3049 1541 3144 Penta]
1587 3065 1594 3072 '

256 3199 419 3296 gotium
451 3201 583 3270 autem
615 3183 837 3296 quintuplici
866 3187 1018 3293 modo,
1044 3187 1308 3296 diagonalibua
1332 3188 1540 3296 ducendis,

261 3313 308 3397 in
339 3310 527 3422 triangula
554 3311 687 3396 resolui
738 3307 850 3422 poue
892 3309 1108 3444 repetiuit,
1149 3311 1403 3423 hexagonum
1445 3339 1542 3402 reto

269 3463 335 3542 14
367 3438 516 3544 modis,
543 3459 586 3524 et
612 3438 879 3550 heptagonum
910 3464 971 3544 42
991 3442 1156 3552 modis,
1187 3441 1423 3552 odiugonum
1450 3467 1536 3547 13²
1664 3437 1669 3440 ’

260 3564 431 3673 modia,
457 3587 727 3677 enuetgunum
767 3586 874 3670 429
910 3567 1043 3651 modis
1087 3589 1164 3652 etc.
1209 3593 1306 3680 quae
1356 3571 1538 3658 omnium
1620 3673 1624 3678 ¹
1787 3589 1798 3610 “

260 3693 482 3779 modorum
511 3692 740 3804 poffibilium
771 3695 1044 3800 enumeratio,
1075 3720 1156 3808 quo
1183 3695 1305 3806 magia
1343 3720 1432 3780 cum
1481 3697 1542 3781 la·

260 3839 399 3906 terum
430 3843 599 3906 numero
624 3844 765 3906 eorum
798 3821 1005 3907 multitudo
1032 3821 1197 3928 crescit,
1223 3845 1277 3906 co
1312 3819 1358 3906 fit
1398 3820 1539 3910 diffici-

171 3939 177 3956 ’
256 3945 347 4032 lior
380 3965 422 4030 et
448 3947 660 4034 tacdiofior.
723 3947 856 4062 Quare
886 3950 1053 4056 quaellio
1082 3949 1248 4033 omnino
1271 3950 1419 4033 'curiosa
1438 3971 1453 4053 ,·
1499 3955 1541 4034 e't

263 4067 576 4160 Geomettatunt
606 4075 821 4160 attentione
851 4073 968 4182 digna
1002 4076 1183 4182 ridetur,
1228 4097 1300 4184 qua
1347 4072 1430 4184 lege
1478 4074 1538 4161 illi
1624 4085 1628 4093 '

259 4196 546 4287 resolutionum
577 4201 730 4287 numeri
758 4223 833 4314 pro
868 4199 1028 4286 laterum
1078 4198 1320 4285 multitudine
1356 4224 1538 4313 progre-

257 4328 453 4435 diantur,
483 4346 529 4413 rt
559 4327 647 4414 inde
680 4353 753 4440 pro
784 4329 920 4437 quouis
950 4329 1155 4439 polygono
1185 4325 1451 4414 resolutionum
1469 4354 1538 4414 nu·

258 4475 401 4541 meatu
431 4455 503 4538 rite
531 4455 685 4541 definiri
714 4449 862 4566 queat?
890 4457 993 4540 ilinc
1027 4455 1085 4539 lll.
1112 4453 1264 4540 Auctor
1290 4454 1412 4541 modo
1427 4481 1547 4566 pron·¹
1638 4509 1641 4512 -

254 4581 325 4683 luta
355 4580 530 4695 fingttlnri
561 4602 602 4670 et
631 4579 823 4700 ingenioso
849 4582 976 4692 legem
1009 4579 1273 4697 prograffiouis
1299 4579 1440 4669 honum
1469 4607 1539 4666 nn·

601 4745 606 4748 ·
801 4771 805 4773 -
895 4711 981 4816 bo
1406 4733 1537 4798 meto-
