4584 5909
406 604 657 747 ‚atum
690 564 953 711 nanrcrr
983 592 1344 751 neruorum.
1425 642 1513 738 aa,
1684 668 1691 685 -

394 819 516 959 Cape,
533 844 701 933 tabulam
752 844 1042 961 rrdiangulam,
1086 852 1242 962 qualern
1287 856 1336 943 ad
1387 882 1522 945 mruut
1692 880 1694 883 ·

237 974 483 1087 tb'tefiguras
509 1000 601 1063 cum
636 997 726 1062 tuna
749 978 986 1089 deicriprnro
1014 978 1180 1090 alioquin
1212 1006 1310 1093 opus
1345 986 1427 1089 eii,
1478 1008 1521 1071 rt

235 1103 415 1219 regulam
447 1104 630 1191 aiierculo
659 1096 882 1191 inbruda‘m
917 1110 1150 1216 namucno,
1188 1134 1279 1195 eum
1313 1113 1353 1195 in
1384 1110 1518 1222 finem,

235 1255 285 1320 ut
316 1232 346 1320 ti
375 1231 574 1321 adertnlnr
599 1228 665 1319 bic
693 1236 865 1345 margine
896 1233 1044 1320 tabulae
1091 1236 1332 1350 applicetur,
1378 1260 1519 1325 omnen

234 1362 395 1470 linear,
435 1363 638 1447 iecundum
668 1360 792 1448 aciem
809 1363 971 1473 :regulae
1002 1362 1134 1450 dudtre
1165 1366 1362 1477 parallelae
1393 1366 1515 1453 fiant:

233 1512 311 1603 qua
342 1490 500 1603 quidem
533 1488 776 1618 regub0cum
808 1487 1126 1601 arcbiredionibus
1156 1494 1287 1605 puiiim
1323 1496 1378 1580 uri
1417 1495 1519 1581 sole·

235 1639 338 1705 mus.
432 1616 629 1705 Praeterea
676 1618 858 1707 aniculam
910 1644 1033 1731 para,
1084 1623 1286 1708 manubrio
1318 1624 1511 1709 insertam.

233 1740 297 1833 lta
347 1742 574 1858 instrudius,
619 1744 740 1833 dadin
780 1768 859 1859 ope
894 1746 1040 1857 regular
1073 1748 1172 1835 iliius
1201 1751 1430 1865 marginibus
1459 1770 1519 1835 tn·

233 1871 345 1961 bulte
375 1872 616 1988 applicatae,
664 1872 779 1961 redita
809 1871 926 1965 MN,
957 1871 1048 1981 ΡΟ,
1076 1874 1189 1995 Qu,
1224 1897 1335 1989 atque
1364 1880 1404 1964 in
1436 1874 1515 1965 ΟΡ

143 2096 147 2103 ,
232 1999 386 2117 punctis
425 2008 479 2113 Α,
512 1997 561 2103 13.
591 1996 648 2110 C,
681 2000 724 2089 D
772 2022 849 2088 etc.
899 2002 1075 2115 legitime
1122 2005 1335 2119 diiposrrir,
1391 2006 1519 2119 regula

232 2128 312 2217 bai
344 2128 446 2219 MN
481 2130 652 2243 paraiieln
682 2130 731 2218 ad
773 2128 962 2244 punctum
1016 2140 1054 2219 A
1103 2135 1323 2245 applicata,
1372 2135 1518 2221 robora
1590 2192 1592 2195 -

231 2256 321 2345 acus
351 2258 501 2373 apicem
532 2259 574 2345 t'n
604 2282 646 2367 a,
673 2278 718 2343 et
747 2261 819 2346 duc
852 2254 921 2345 Ba
953 2262 1128 2374 utrinque
1159 2260 1366 2347 infinitam.
1431 2258 1519 2349 De·

108 2398 112 2405 ’
230 2386 325 2475 inde
355 2390 403 2475 ad
433 2388 635 2474 uiiumtum
669 2386 747 2476 OS
778 2388 852 2473 duc
884 2382 961 2473 ST
993 2410 1035 2475 rt
1068 2392 1229 2492 produc.
1277 2388 1442 2476 Habebis
1474 2390 1515 2475 i.

231 2514 385 2629 Regula
414 2514 487 2603 ban
514 2516 691 2628 parallela
720 2516 769 2603 ad
793 2516 825 2603 i
856 2515 1074 2626 applicata,
1131 2542 1243 2603 acum
1275 2516 1355 2605 susse
1387 2520 1428 2603 in
1460 2544 1517 2633 c,

231 2648 385 2759 appiira
417 2644 583 2759 regulam
613 2644 659 2729 ad
689 2668 801 2731 acum
833 2671 857 2731 c
887 2662 928 2727 et
956 2646 1005 2731 ad
1056 2642 1243 2755 prndium
1296 2640 1346 2729 C.
1431 2642 1521 2731 De·

205 2770 324 2859 *inde
372 2798 484 2859 acum
515 2774 620 2859 iuxta
653 2776 822 2887 reguiam
855 2768 1015 2857 transiet
1043 2774 1085 2856 in
1118 2774 1158 2859 d.
1255 2772 1425 2885 Applica
1457 2797 1516 2860 re·

233 2902 366 3013 gulam
398 2898 476 2990 basa
505 2900 722 3013 parallelum
754 2890 987 3007 eruimur,
1018 2899 1154 2987 deinde
1186 2897 1284 2986 hanc
1317 2902 1425 2987 iuxta
1457 2928 1519 2989 re·

233 3030 366 3140 gulam
397 3028 556 3117 transfer
585 3033 626 3116 in
655 3055 691 3119 e.
757 3028 899 3115 Itrmm
934 3030 1102 3141 reguiam
1136 3048 1177 3113 et
1207 3031 1288 3113 acui
1321 3028 1412 3113 huic
1443 3054 1520 3139 ap-

233 3160 335 3271 plica
363 3180 404 3245 et
431 3158 577 3274 prndio
608 3156 665 3265 D,
696 3177 807 3271 attare
838 3158 893 3243 ita
920 3182 1036 3271 perge
1067 3180 1185 3266 usque
1227 3158 1275 3241 nd
1323 3155 1515 3270 pundium
1689 3233 1694 3242 .

233 3284 431 3397 ultimum.
495 3287 581 3374 Erit
610 3289 641 3375 d
668 3280 809 3398 figurae
841 3316 883 3391 4.
918 3288 982 3371 uri
1012 3289 1038 3375 ir
1067 3288 1210 3398 figurae
1247 3306 1287 3389 5.
1329 3284 1517 3397 punt‘ium

232 3434 373 3499 curuae
402 3414 624 3530 qunrfitum.
699 3418 932 3502 Admodum
961 3417 1161 3531 expeditus
1189 3413 1256 3502 bic
1294 3414 1404 3501 labor
1451 3412 1520 3519 eii,

176 3636 184 3649 .
232 3560 275 3627 et
302 3548 424 3633 errori
456 3570 594 3659 pamm
628 3542 836 3630 obnoxius.

386 3796 595 3888 Caeterum
625 3799 757 3887 omnis
786 3823 900 3886 curura
934 3802 1086 3913 generis
1134 3795 1340 3911 parabolici
1389 3796 1518 3883 tranb·

234 3926 294 4013 bit
341 3955 411 4041 per
452 3930 887 4041 pancratianum
928 3928 1156 4038 pandoram
1188 3930 1225 4009 in
1258 3926 1403 4010 rectam
1434 3924 1515 4011 ΟΡ
1673 4040 1676 4047 Ι
1796 4036 1797 4043 Ν

230 4058 502 4144 translatorum
533 4059 653 4161 illud,
701 4055 805 4169 quod
835 4060 1045 4141 terminum
1076 4056 1310 4167 aequationir
1337 4050 1514 4138 constan·

231 4179 332 4271 tem
355 4185 471 4294 finit,
501 4190 639 4297 quiin
672 4182 791 4297 figura
823 4216 867 4291 4.
900 4184 956 4269 est
990 4182 1045 4291 D,
1077 4188 1120 4267 in
1152 4181 1271 4293 figunt
1302 4198 1432 4265 nutem
1470 4200 1513 4290 ς,

230 4310 264 4397 Ὲ
342 4315 556 4426 Vtrumque
587 4314 697 4399 bruile
732 4335 870 4425 patet,
903 4313 931 4399 st
961 4316 1000 4397 in
1032 4311 1254 4423 aequatione
1288 4306 1357 4393 fiat
1386 4312 1517 4421 primo

231 4444 391 4551 quidem
425 4468 585 4546 azur,
615 4442 752 4534 deinde
781 4464 878 4527 uero
909 4468 1000 4529 z:
1012 4466 1056 4526 0.
1121 4438 1191 4526 nu
1228 4440 1336 4523 enim
1369 4438 1415 4523 ad
1446 4464 1518 4548 ap·

228 4568 496 4684 piratam—in
512 4572 610 4701 ,Qii
641 4572 807 4660 sumtum
834 4594 994 4684 zzur,
1026 4592 1105 4685 qun
1151 4568 1285 4683 pubtu
1325 4564 1516 4779 ιρρὶἱῶοτι

712 4718 720 4738 “
1472 4713 1518 4777 ec
