4584 5909
497 633 1302 802 ,unrsotonou'rnan
1453 696 1541 781 unt

278 906 401 1003 ισοξ.
463 899 614 986 Diebus
639 896 945 985 antecedentibus
985 918 1026 983 et
1071 887 1310 1008 equentibus
1361 909 1570 1016 proximis·
1692 886 1697 891 ¹

284 1034 443 1118 'uinotes
480 1030 627 1139 frigoris
661 1030 798 1138 gradus
833 1026 980 1111 nerant
1013 1026 1200 1111 obsentati
1281 1027 1383 1115 Dies
1419 1058 1475 1117 ιο
1509 1060 1551 1123 et

314 1160 396 1242 ιω
423 1176 530 1243 etant
561 1149 724 1261 tunitii,⁸
751 1156 829 1240 uli
862 1170 1016 1267 qnoque
1043 1155 1128 1239 dies
1159 1148 1348 1265 proxime
1394 1149 1550 1313 antene-

334 1314 405 1374 tes
435 1308 491 1374 et
495 1290 840 1394 conlequentea
865 1310 869 1317 ·
1012 1304 1020 1315 ·

410 1415 580 1501 Minima
629 1415 838 1497 barometti
882 1408 1046 1496 altitudo
1098 1434 1214 1518 ι7ςς
1266 1414 1314 1499 fu*
1316 1432 1332 1500 t
1395 1424 1466 1506 26
1485 1414 1542 1525 '9'5

270 1544 467 1629 obsetuata
486 1540 599 1627 mihi
629 1541 815 1638 Odiobtia
858 1558 969 1651 243
987 1542 1075 1625 anni
1115 1558 1234 1628 uero
1265 1534 1381 1645 ι’7ς6
1432 1551 1553 1635 mini·

268 1698 337 1759 ma
373 1692 515 1773 27.o5
550 1669 678 1755 notata
711 1671 875 1755 lanuarii
909 1688 953 1767 a.
980 1664 1072 1756 Et
1104 1669 1202 1755 haec
1232 1658 1365 1757 etsilla
1391 1676 1551 1763 altitudo
1718 1714 1722 1724 ·

267 1802 437 1886 minima
465 1800 587 1885 maior
613 1800 669 1885 eli
697 1796 898 1884 altitudine
925 1796 1091 1884 minima
1122 1801 1218 1883 alias
1250 1800 1314 1884 hic
1338 1802 1550 1909 obseruata,
1699 1868 1711 1891 .

264 1928 408 2014 scilicet
438 1923 620 2038 pollicum
661 1931 734 2007 26.
756 1935 815 2031 41'
847 1928 953 2038 pedis
968 1928 1189 2035 parmensis,
1208 1926 1282 2014 srue
1297 1936 1374 2020 dn.
1406 1944 1461 2019 18
1481 1942 1550 2043 pe.

264 2056 325 2141 dis
366 2056 603 2168 londinenlis.
667 2056 799 2172 Quum
820 2058 932 2165 igitur
950 2052 1114 2161 spatium
1133 2060 1350 2143 variationis
1362 2059 1552 2165 [Memmii

271 2186 1025 2286 1755s1t1.a5.etam0,r756
1074 2206 1224 2295 1·'75;
1275 2184 1437 2297 spatium
1488 2190 1552 2272 in·
1701 2208 1706 2217 ·

262 2329 330 2399 tet
348 2330 358 2343 ’
379 2315 570 2397 adlcenlus
616 2314 806 2396 terminos
849 2333 893 2397 et
935 2314 1126 2398 delcensus
1169 2312 1350 2399 Mercurii
1383 2316 1549 2403 intubo
1620 2301 1623 2307 ¹

262 2442 526 2525 torricelliano
552 2460 685 2525 manet
716 2440 859 2548 idem,
907 2443 968 2524 uti
999 2460 1104 2525 anno
1160 2463 1279 2543 1750
1318 2444 1373 2530 est
1421 2444 1550 2529 detet-

161 2644 167 2657 .
262 2572 480 2672 minatum,
515 2566 658 2653 scilieet
691 2592 732 2652 2.
752 2576 830 2671 69.
928 2566 1068 2655 Manet
1096 2571 1211 2679 igitur
1243 2574 1366 2657 media
1397 2593 1551 2685 quoque

260 2689 429 2782 altitudo
473 2710 612 2782 eadem
648 2717 723 2795 27.
744 2704 822 2798 753
851 2696 927 2779 stue
961 2714 1018 2799 27
1054 2698 1215 2808 pollices
1241 2717 1284 2780 et
1315 2726 1343 2799 9
1377 2700 1443 2784 lin.
1477 2724 1553 2812 pe-

259 2822 324 2909 dis
356 2850 432 2937 pat.
457 2826 719 2935 'intelligendo
748 2824 923 2909 medium
955 2825 1246 2909 arithmeticum
1273 2827 1390 2911 tinter
1424 2827 1553 2913 altitu·

261 2952 399 3037 dinem
431 2954 620 3037 summam
652 2973 694 3035 et
719 2953 921 3053 infimam,
957 2976 1039 3058 quo
1055 2951 1156 3033 stnsu
1176 2952 1359 3063 Krajtius
1377 2958 1549 3041 mediam

262 3080 511 3165 altitudinem
530 3080 683 3185 sumsit,
712 3104 831 3191 quum
850 3076 941 3161 alias
957 3076 1044 3161 litis
1066 3074 1239 3185 constet,
1276 3094 1346 3189 'pet
1375 3082 1549 3165 mediam

263 3208 507 3292 altitudinem
537 3210 798 3291 cummuniter
829 3228 916 3289 eam
948 3205 1136 3315 intelllgi,
1183 3228 1283 3315 quae
1314 3194 1491 3315 resultat,
1522 3206 1551 3293 li

177 3341 183 3347 '
264 3336 421 3417 summu
452 3334 690 3417 altitudinum
720 3358 788 3441 per
816 3352 1023 3414 nnmerum
1056 3330 1364 3417 obseruationum
1403 3273 1553 3419 diuida-

262 3482 366 3569 tut,
412 3462 486 3571 qua
536 3459 686 3542 ratione
731 3478 772 3542 et
820 3456 970 3541 medae
1028 3457 1241 3541 altitudines
1273 3450 1480 3547 menlinue
1511 3480 1554 3554 et
1684 3519 1690 3533 ·

260 3612 419 3675 annuae
450 3589 531 3672 erui
562 3588 715 3692 (olent,
761 3568 915 3693 quat,
939 3586 1122 3697 quoniam
1155 3586 1322 3670 utilitate
1354 3608 1436 3670 non
1485 3614 1556 3679 ca.
1702 3634 1709 3653 ·

258 3736 387 3825 rent,
419 3714 614 3799 brittas
604 3741 642 3798 tn
673 3714 867 3825 pullemm
900 3738 1052 3826 quoque
1083 3716 1280 3800 addemus.

420 3839 625 3927 Caeterum
677 3840 893 3927 adnotanda
944 3842 1071 3927 adhuc
1120 3846 1204 3935 sunt
1261 3828 1557 3959 antecedentia,

255 3975 566 4061 concomitantia
596 3970 636 4054 et
663 3969 962 4081 consequentia,
1010 3964 1087 4053 sub¹
1106 3970 1240 4081 quibus
1270 3962 1413 4055 horum
1459 3970 1554 4057 duo·

255 4126 357 4189 rum
391 4125 584 4186 annorum
614 4099 830 4182 altitudines
858 4101 1045 4183 minimae
1076 4100 1303 4211 contigere(
1375 4100 1557 4186 Altitudo

252 4233 435 4317 minima
478 4253 583 4349 auno
635 4249 720 4327 175
731 4248 754 4327 5
807 4224 991 4312 Octobris
1035 4246 1095 4332 a4
1144 4226 1342 4326 obseruata
1377 4238 1451 4315 26.
1470 4252 1555 4337 95.

250 4361 433 4468 contigit
466 4340 586 4439 rento
613 4338 789 4440 WSW
818 4356 1071 4441 antecedente
1100 4378 1140 4439 et
1143 4346 1420 4468 constqueute
1451 4381 1555 4445 tert

252 4505 313 4570 to
348 4490 458 4571 tatio
534 4484 887 4570 Thermomettum
919 4474 1151 4571 monstrabat
1178 4490 1290 4597 148,
1320 4507 1367 4572 et
1412 4489 1558 4599 regela-

249 4614 390 4701 batut.
456 4612 644 4701 Nubilum
678 4634 760 4696 etat
793 4638 935 4721 mane,
983 4616 1045 4701 sed
1071 4614 1232 4701 coelum
1275 4606 1373 4697 dein
1419 4614 1558 4697 elatius

242 4738 411 4832 faelium
469 4766 553 4828 nox
599 4739 828 4856 lete'uillima
874 4740 930 4827 est
981 4748 1147 4853 lequuta.
1207 4784 1213 4791 ·
1262 4736 1361 4828 Dies
1387 4732 1556 4826 'antece-

1247 4896 1281 4919 *
1420 4868 1555 4959 dentes
