<?xml version="1.0" encoding="UTF-8"?>
<!DOCTYPE html PUBLIC "-//W3C//DTD XHTML 1.0 Transitional//EN"
    "http://www.w3.org/TR/xhtml1/DTD/xhtml1-transitional.dtd">
<html xmlns="http://www.w3.org/1999/xhtml" xml:lang="en" lang="en">
 <head>
  <title>
</title>
<meta http-equiv="Content-Type" content="text/html;charset=utf-8" />
  <meta name='ocr-system' content='tesseract 3.04.00' />
  <meta name='ocr-capabilities' content='ocr_page ocr_carea ocr_par ocr_line ocrx_word'/>
</head>
<body>
  <div class='ocr_page' id='page_1' title='image "./novicommentarii02sssrgoog/novicommentarii02sssrgoog_0207.png"; bbox 0 0 4584 5909; ppageno 0'>
   <div class='ocr_carea' id='block_1_1' title="bbox 691 632 1928 829">
    <p class='ocr_par' dir='ltr' id='par_1_1' title="bbox 691 632 1928 835">
     <span class='ocr_line' id='line_1_1' title="bbox 691 632 1928 829; baseline -0.006 -32"><span class='ocrx_word' id='word_1_1' title='bbox 691 733 705 783; x_wconf 60' lang='lat'>2.</span> <span class='ocrx_word' id='word_1_2' title='bbox 756 698 853 809; x_wconf 56' lang='lat' dir='ltr'>aaa</span> <span class='ocrx_word' id='word_1_3' title='bbox 933 632 1409 829; x_wconf 79' lang='lat' dir='ltr'>ouuonmnrtro</span> <span class='ocrx_word' id='word_1_4' title='bbox 1446 638 1928 793; x_wconf 69' lang='lat' dir='ltr'>&#39;annotentur-</span> 
     </span>
    </p>
   </div>
   <div class='ocr_carea' id='block_1_2' title="bbox 1210 920 1792 1053">
    <p class='ocr_par' dir='ltr' id='par_1_2' title="bbox 1210 878 1792 1053">
     <span class='ocr_line' id='line_1_2' title="bbox 1210 920 1792 1053; baseline -0.01 -7"><span class='ocrx_word' id='word_1_5' title='bbox 1210 920 1644 1053; x_wconf 70' lang='lat' dir='ltr'>Schofion.ft</span> <span class='ocrx_word' id='word_1_6' title='bbox 1788 984 1792 995; x_wconf 95' lang='lat'>·</span> 
     </span>
    </p>
   </div>
   <div class='ocr_carea' id='block_1_3' title="bbox 573 1086 2167 2737">
    <p class='ocr_par' dir='ltr' id='par_1_3' title="bbox 778 1086 2035 1205">
     <span class='ocr_line' id='line_1_3' title="bbox 778 1086 2035 1205; baseline 0 -22"><span class='ocrx_word' id='word_1_7' title='bbox 778 1117 781 1122; x_wconf 81' lang='grc'>’</span> <span class='ocrx_word' id='word_1_8' title='bbox 906 1123 982 1204; x_wconf 77' lang='lat'>5²·</span> <span class='ocrx_word' id='word_1_9' title='bbox 1039 1098 1319 1195; x_wconf 88' lang='lat' dir='ltr'>Demonstrato</span> <span class='ocrx_word' id='word_1_10' title='bbox 1372 1126 1472 1186; x_wconf 90' lang='lat' dir='ltr'>nunc</span> <span class='ocrx_word' id='word_1_11' title='bbox 1525 1096 1813 1203; x_wconf 85' lang='lat' dir='ltr'>Theoremate‚</span> <span class='ocrx_word' id='word_1_12' title='bbox 1844 1086 2035 1205; x_wconf 82' lang='lat' dir='ltr'>solutoque</span> 
     </span>
    </p>

    <p class='ocr_par' dir='ltr' id='par_1_4' title="bbox 756 1222 2040 1851">
     <span class='ocr_line' id='line_1_4' title="bbox 756 1222 2037 1341; baseline -0.007 -23"><span class='ocrx_word' id='word_1_13' title='bbox 756 1229 1010 1338; x_wconf 84' lang='lat' dir='ltr'>Problemate,</span> <span class='ocrx_word' id='word_1_14' title='bbox 1041 1256 1140 1341; x_wconf 87' lang='lat' dir='ltr'>quae</span> <span class='ocrx_word' id='word_1_15' title='bbox 1173 1233 1213 1313; x_wconf 93' lang='lat' dir='ltr'>in</span> <span class='ocrx_word' id='word_1_16' title='bbox 1246 1233 1356 1315; x_wconf 73' lang='lat' dir='ltr'>Attis</span> <span class='ocrx_word' id='word_1_17' title='bbox 1388 1227 1509 1315; x_wconf 90' lang='lat' dir='ltr'>Emd.</span> <span class='ocrx_word' id='word_1_18' title='bbox 1543 1224 1650 1335; x_wconf 89' lang='lat' dir='ltr'>Lips.</span> <span class='ocrx_word' id='word_1_19' title='bbox 1670 1244 1804 1309; x_wconf 85' lang='lat' dir='ltr'>extant</span> <span class='ocrx_word' id='word_1_20' title='bbox 1830 1222 2037 1334; x_wconf 76' lang='lat' dir='ltr'>proposita,</span> 
     </span>
     <span class='ocr_line' id='line_1_5' title="bbox 756 1350 2039 1471; baseline -0.008 -26"><span class='ocrx_word' id='word_1_21' title='bbox 756 1379 963 1471; x_wconf 86' lang='lat' dir='ltr'>autequam</span> <span class='ocrx_word' id='word_1_22' title='bbox 997 1358 1088 1441; x_wconf 92' lang='lat' dir='ltr'>huic</span> <span class='ocrx_word' id='word_1_23' title='bbox 1117 1356 1393 1467; x_wconf 85' lang='lat' dir='ltr'>inuestigationi</span> <span class='ocrx_word' id='word_1_24' title='bbox 1426 1354 1544 1439; x_wconf 83' lang='lat' dir='ltr'>finem</span> <span class='ocrx_word' id='word_1_25' title='bbox 1592 1352 1830 1463; x_wconf 81' lang='lat' dir='ltr'>imponam,</span> <span class='ocrx_word' id='word_1_26' title='bbox 1881 1350 2039 1461; x_wconf 90' lang='lat' dir='ltr'>proble-</span> 
     </span>
     <span class='ocr_line' id='line_1_6' title="bbox 758 1478 2039 1592; baseline -0.007 -19"><span class='ocrx_word' id='word_1_27' title='bbox 758 1512 823 1574; x_wconf 89' lang='lat' dir='ltr'>ma</span> <span class='ocrx_word' id='word_1_28' title='bbox 854 1486 975 1569; x_wconf 89' lang='lat' dir='ltr'>adhuc</span> <span class='ocrx_word' id='word_1_29' title='bbox 1007 1482 1136 1566; x_wconf 91' lang='lat' dir='ltr'>multo</span> <span class='ocrx_word' id='word_1_30' title='bbox 1164 1482 1351 1571; x_wconf 80' lang='lat' dir='ltr'>difficilius</span> <span class='ocrx_word' id='word_1_31' title='bbox 1395 1480 1662 1592; x_wconf 76' lang='lat' dir='ltr'>pertradiabo,</span> <span class='ocrx_word' id='word_1_32' title='bbox 1708 1503 1784 1589; x_wconf 90' lang='lat' dir='ltr'>quo</span> <span class='ocrx_word' id='word_1_33' title='bbox 1832 1478 1871 1559; x_wconf 95' lang='lat' dir='ltr'>in</span> <span class='ocrx_word' id='word_1_34' title='bbox 1918 1478 2039 1589; x_wconf 87' lang='lat' dir='ltr'>ellipst</span> 
     </span>
     <span class='ocr_line' id='line_1_7' title="bbox 759 1596 2040 1722; baseline -0.006 -25"><span class='ocrx_word' id='word_1_35' title='bbox 759 1634 872 1697; x_wconf 76' lang='lat' dir='ltr'>arcus</span> <span class='ocrx_word' id='word_1_36' title='bbox 898 1606 1071 1719; x_wconf 83' lang='lat' dir='ltr'>affignati</span> <span class='ocrx_word' id='word_1_37' title='bbox 1103 1609 1280 1719; x_wconf 87' lang='lat' dir='ltr'>iubetur,</span> <span class='ocrx_word' id='word_1_38' title='bbox 1326 1612 1390 1722; x_wconf 92' lang='lat' dir='ltr'>qui</span> <span class='ocrx_word' id='word_1_39' title='bbox 1422 1610 1537 1691; x_wconf 83' lang='lat' dir='ltr'>totius</span> <span class='ocrx_word' id='word_1_40' title='bbox 1554 1607 1763 1715; x_wconf 81' lang='lat' dir='ltr'>&#39;perimetri</span> <span class='ocrx_word' id='word_1_41' title='bbox 1795 1596 1967 1713; x_wconf 84' lang='lat' dir='ltr'>ellipseos</span> <span class='ocrx_word' id='word_1_42' title='bbox 1997 1606 2040 1689; x_wconf 80' lang='lat' dir='ltr'>stt</span> 
     </span>
     <span class='ocr_line' id='line_1_8' title="bbox 758 1731 2040 1851; baseline -0.008 -26"><span class='ocrx_word' id='word_1_43' title='bbox 758 1740 893 1825; x_wconf 80' lang='lat' dir='ltr'>triens.</span> <span class='ocrx_word' id='word_1_44' title='bbox 975 1737 1169 1851; x_wconf 81' lang='lat' dir='ltr'><strong>Quoniam</strong></span> <span class='ocrx_word' id='word_1_45' title='bbox 1227 1740 1331 1821; x_wconf 88' lang='lat' dir='ltr'>enim</span> <span class='ocrx_word' id='word_1_46' title='bbox 1365 1734 1540 1821; x_wconf 84' lang='lat' dir='ltr'>facillime</span> <span class='ocrx_word' id='word_1_47' title='bbox 1573 1756 1676 1816; x_wconf 85' lang='lat' dir='ltr'>arcus</span> <span class='ocrx_word' id='word_1_48' title='bbox 1706 1731 1931 1839; x_wconf 78' lang='lat' dir='ltr'>alligamur,</span> <span class='ocrx_word' id='word_1_49' title='bbox 1977 1732 2040 1842; x_wconf 89' lang='lat' dir='ltr'>qui</span> 
     </span>
    </p>

    <p class='ocr_par' dir='ltr' id='par_1_5' title="bbox 573 1860 2167 2737">
     <span class='ocr_line' id='line_1_9' title="bbox 573 1860 2044 1973; baseline -0.005 -21"><span class='ocrx_word' id='word_1_50' title='bbox 573 1956 576 1961; x_wconf 74' lang='grc'>,</span> <span class='ocrx_word' id='word_1_51' title='bbox 757 1866 876 1951; x_wconf 83' lang='lat' dir='ltr'>totius</span> <span class='ocrx_word' id='word_1_52' title='bbox 908 1865 1105 1973; x_wconf 87' lang='lat' dir='ltr'>perimetri</span> <span class='ocrx_word' id='word_1_53' title='bbox 1137 1862 1183 1947; x_wconf 88' lang='lat' dir='ltr'>lit</span> <span class='ocrx_word' id='word_1_54' title='bbox 1212 1866 1394 1972; x_wconf 76' lang='lat' dir='ltr'>(emilia,</span> <span class='ocrx_word' id='word_1_55' title='bbox 1425 1862 1489 1945; x_wconf 83' lang='lat' dir='ltr'>uel</span> <span class='ocrx_word' id='word_1_56' title='bbox 1516 1864 1717 1972; x_wconf 88' lang='lat' dir='ltr'>quadrans,</span> <span class='ocrx_word' id='word_1_57' title='bbox 1750 1860 1921 1969; x_wconf 41' lang='lat' dir='ltr'>uel-,ope</span> <span class='ocrx_word' id='word_1_58' title='bbox 1951 1883 2044 1969; x_wconf 85' lang='lat' dir='ltr'>pro·.</span> 
     </span>
     <span class='ocr_line' id='line_1_10' title="bbox 759 1986 2041 2100; baseline -0.007 -21"><span class='ocrx_word' id='word_1_59' title='bbox 759 1990 936 2079; x_wconf 85' lang='lat' dir='ltr'>blematis</span> <span class='ocrx_word' id='word_1_60' title='bbox 966 1992 1225 2100; x_wconf 85' lang='lat' dir='ltr'>praecedentis</span> <span class='ocrx_word' id='word_1_61' title='bbox 1255 1994 1373 2079; x_wconf 88' lang='lat' dir='ltr'>etiam</span> <span class='ocrx_word' id='word_1_62' title='bbox 1408 1988 1575 2093; x_wconf 74' lang='lat' dir='ltr'>ouans,</span> <span class='ocrx_word' id='word_1_63' title='bbox 1607 1986 1709 2071; x_wconf 90' lang='lat' dir='ltr'>haud</span> <span class='ocrx_word' id='word_1_64' title='bbox 1741 2004 1875 2096; x_wconf 91' lang='lat' dir='ltr'>parum</span> <span class='ocrx_word' id='word_1_65' title='bbox 1908 2005 2041 2070; x_wconf 87' lang='lat' dir='ltr'>notatu</span> 
     </span>
     <span class='ocr_line' id='line_1_11' title="bbox 759 2102 2123 2230; baseline -0.008 -24"><span class='ocrx_word' id='word_1_66' title='bbox 759 2120 894 2229; x_wconf 80' lang='lat' dir='ltr'>dignus</span> <span class='ocrx_word' id='word_1_67' title='bbox 927 2118 1083 2203; x_wconf 79' lang='lat' dir='ltr'>videtur</span> <span class='ocrx_word' id='word_1_68' title='bbox 1112 2114 1233 2230; x_wconf 83' lang='lat' dir='ltr'>casus,</span> <span class='ocrx_word' id='word_1_69' title='bbox 1262 2146 1340 2230; x_wconf 92' lang='lat' dir='ltr'>quo</span> <span class='ocrx_word' id='word_1_70' title='bbox 1372 2118 1489 2202; x_wconf 87' lang='lat' dir='ltr'>triens</span> <span class='ocrx_word' id='word_1_71' title='bbox 1504 2115 1730 2227; x_wconf 83' lang='lat' dir='ltr'>postulator,</span> <span class='ocrx_word' id='word_1_72' title='bbox 1763 2102 1864 2195; x_wconf 85' lang='lat' dir='ltr'>cuius</span> <span class='ocrx_word' id='word_1_73' title='bbox 1890 2114 2046 2219; x_wconf 83' lang='lat' dir='ltr'>solutio,</span> <span class='ocrx_word' id='word_1_74' title='bbox 2119 2174 2123 2185; x_wconf 89' lang='lat'><strong>.</strong></span> 
     </span>
     <span class='ocr_line' id='line_1_12' title="bbox 760 2238 2167 2368; baseline -0.006 -35"><span class='ocrx_word' id='word_1_75' title='bbox 760 2241 911 2333; x_wconf 89' lang='lat' dir='ltr'>etiamli</span> <span class='ocrx_word' id='word_1_76' title='bbox 941 2245 995 2327; x_wconf 89' lang='lat' dir='ltr'>ob</span> <span class='ocrx_word' id='word_1_77' title='bbox 1026 2243 1215 2329; x_wconf 84' lang='lat' dir='ltr'>stammam</span> <span class='ocrx_word' id='word_1_78' title='bbox 1248 2248 1495 2351; x_wconf 83' lang='lat' dir='ltr'>facilitatem,</span> <span class='ocrx_word' id='word_1_79' title='bbox 1544 2266 1615 2351; x_wconf 90' lang='lat' dir='ltr'>qua</span> <span class='ocrx_word' id='word_1_80' title='bbox 1649 2266 1706 2323; x_wconf 90' lang='lat' dir='ltr'>res</span> <span class='ocrx_word' id='word_1_81' title='bbox 1734 2242 1782 2323; x_wconf 91' lang='lat' dir='ltr'>de</span> <span class='ocrx_word' id='word_1_82' title='bbox 1823 2238 1956 2325; x_wconf 84' lang='lat' dir='ltr'>lcmissi</span> <span class='ocrx_word' id='word_1_83' title='bbox 1986 2260 2044 2368; x_wconf 81' lang='lat' dir='ltr'>¹et</span> <span class='ocrx_word' id='word_1_84' title='bbox 2164 2342 2167 2349; x_wconf 33' lang='grc'>,</span> 
     </span>
     <span class='ocr_line' id='line_1_13' title="bbox 759 2366 2047 2483; baseline -0.005 -28"><span class='ocrx_word' id='word_1_85' title='bbox 759 2372 966 2483; x_wconf 82' lang='lat' dir='ltr'>quadrante</span> <span class='ocrx_word' id='word_1_86' title='bbox 993 2372 1235 2481; x_wconf 83' lang='lat' dir='ltr'>expeditur,</span> <span class='ocrx_word' id='word_1_87' title='bbox 1285 2400 1366 2457; x_wconf 89' lang='lat' dir='ltr'>nou</span> <span class='ocrx_word' id='word_1_88' title='bbox 1398 2370 1607 2456; x_wconf 88' lang='lat' dir='ltr'>admodum</span> <span class='ocrx_word' id='word_1_89' title='bbox 1638 2366 1802 2451; x_wconf 87' lang='lat' dir='ltr'>difficilis</span> <span class='ocrx_word' id='word_1_90' title='bbox 1845 2368 2047 2475; x_wconf 80' lang='lat' dir='ltr'>videatur,</span> 
     </span>
     <span class='ocr_line' id='line_1_14' title="bbox 735 2492 2084 2612; baseline -0.001 -31"><span class='ocrx_word' id='word_1_91' title='bbox 735 2517 893 2583; x_wconf 88' lang='lat' dir='ltr'>·tamen</span> <span class='ocrx_word' id='word_1_92' title='bbox 924 2498 973 2581; x_wconf 87' lang='lat' dir='ltr'>ad</span> <span class='ocrx_word' id='word_1_93' title='bbox 1006 2497 1316 2608; x_wconf 83' lang='lat' dir='ltr'>inuestigationes</span> <span class='ocrx_word' id='word_1_94' title='bbox 1346 2522 1532 2612; x_wconf 84' lang='lat' dir='ltr'>perquam</span> <span class='ocrx_word' id='word_1_95' title='bbox 1565 2494 1733 2608; x_wconf 86' lang='lat' dir='ltr'>prolixas</span> <span class='ocrx_word' id='word_1_96' title='bbox 1782 2512 1823 2581; x_wconf 90' lang='lat' dir='ltr'>et</span> <span class='ocrx_word' id='word_1_97' title='bbox 1848 2492 2050 2605; x_wconf 75' lang='lat' dir='ltr'>&#39;operosa&#39;a</span> <span class='ocrx_word' id='word_1_98' title='bbox 2082 2602 2084 2607; x_wconf 16' lang='grc' dir='ltr'>Ι</span> 
     </span>
     <span class='ocr_line' id='line_1_15' title="bbox 761 2621 1814 2737; baseline -0.008 -26"><span class='ocrx_word' id='word_1_99' title='bbox 761 2621 992 2733; x_wconf 83' lang='lat' dir='ltr'>deducitur,</span> <span class='ocrx_word' id='word_1_100' title='bbox 1023 2649 1115 2737; x_wconf 90' lang='lat' dir='ltr'>quas</span> <span class='ocrx_word' id='word_1_101' title='bbox 1143 2623 1315 2736; x_wconf 87' lang='lat' dir='ltr'>superare</span> <span class='ocrx_word' id='word_1_102' title='bbox 1344 2625 1512 2712; x_wconf 88' lang='lat' dir='ltr'>tentabo.</span> <span class='ocrx_word' id='word_1_103' title='bbox 1603 2648 1608 2659; x_wconf 93' lang='lat'>·</span> <span class='ocrx_word' id='word_1_104' title='bbox 1807 2632 1814 2645; x_wconf 87' lang='lat'><strong>·</strong></span> 
     </span>
    </p>
   </div>
   <div class='ocr_carea' id='block_1_4' title="bbox 1142 2772 1681 2933">
    <p class='ocr_par' dir='ltr' id='par_1_6' title="bbox 1142 2772 1681 2933">
     <span class='ocr_line' id='line_1_16' title="bbox 1142 2772 1681 2933; baseline -0.009 -32"><span class='ocrx_word' id='word_1_105' title='bbox 1142 2780 1510 2901; x_wconf 51' lang='lat' dir='ltr'>Imobhmna</span> <span class='ocrx_word' id='word_1_106' title='bbox 1597 2772 1681 2933; x_wconf 50' lang='lat'>7(</span> 
     </span>
    </p>
   </div>
   <div class='ocr_carea' id='block_1_5' title="bbox 574 2952 2189 3454">
    <p class='ocr_par' dir='ltr' id='par_1_7' title="bbox 574 2952 2189 3454">
     <span class='ocr_line' id='line_1_17' title="bbox 574 2952 2046 3069; baseline 0.001 -26"><span class='ocrx_word' id='word_1_107' title='bbox 574 2962 658 3043; x_wconf 70' lang='lat' dir='ltr'>Tru</span> <span class='ocrx_word' id='word_1_108' title='bbox 682 2956 748 3039; x_wconf 79' lang='lat' dir='ltr'>tv.</span> <span class='ocrx_word' id='word_1_109' title='bbox 824 2986 827 2991; x_wconf 92' lang='lat'>·</span> <span class='ocrx_word' id='word_1_110' title='bbox 921 2973 995 3059; x_wconf 76' lang='lat'>53.</span> <span class='ocrx_word' id='word_1_111' title='bbox 1029 2952 1182 3042; x_wconf 89' lang='lat' dir='ltr'>Datum</span> <span class='ocrx_word' id='word_1_112' title='bbox 1212 2956 1349 3069; x_wconf 78' lang='lat' dir='ltr'>ellipsis</span> <span class='ocrx_word' id='word_1_113' title='bbox 1379 2982 1511 3043; x_wconf 82' lang='lat' dir='ltr'>arcum</span> <span class='ocrx_word' id='word_1_114' title='bbox 1545 2956 1638 3066; x_wconf 51' lang='lat' dir='ltr'>Ala</span> <span class='ocrx_word' id='word_1_115' title='bbox 1666 2956 1714 3041; x_wconf 92' lang='lat' dir='ltr'>ad</span> <span class='ocrx_word' id='word_1_116' title='bbox 1745 2954 1907 3043; x_wconf 92' lang='lat' dir='ltr'>altemm</span> <span class='ocrx_word' id='word_1_117' title='bbox 1930 2982 2046 3045; x_wconf 83' lang='lat' dir='ltr'>axem</span> 
     </span>
     <span class='ocr_line' id='line_1_18' title="bbox 603 3061 2047 3198; baseline 0.001 -31"><span class='ocrx_word' id='word_1_118' title='bbox 603 3061 681 3167; x_wconf 62' lang='lat'>5³8·</span> <span class='ocrx_word' id='word_1_119' title='bbox 705 3094 737 3143; x_wconf 87' lang='lat'>¹·</span> <span class='ocrx_word' id='word_1_120' title='bbox 762 3080 1017 3198; x_wconf 83' lang='lat' dir='ltr'>principalem</span> <span class='ocrx_word' id='word_1_121' title='bbox 1062 3085 1107 3169; x_wconf 90' lang='lat' dir='ltr'>in</span> <span class='ocrx_word' id='word_1_122' title='bbox 1153 3086 1194 3171; x_wconf 85' lang='grc' dir='ltr'><strong>Α</strong></span> <span class='ocrx_word' id='word_1_123' title='bbox 1245 3086 1519 3193; x_wconf 85' lang='lat' dir='ltr'>terminatum,</span> <span class='ocrx_word' id='word_1_124' title='bbox 1569 3088 1620 3169; x_wconf 86' lang='lat' dir='ltr'>ita</span> <span class='ocrx_word' id='word_1_125' title='bbox 1670 3084 1791 3171; x_wconf 86' lang='lat' dir='ltr'>secare</span> <span class='ocrx_word' id='word_1_126' title='bbox 1820 3086 1861 3169; x_wconf 90' lang='lat' dir='ltr'>in</span> <span class='ocrx_word' id='word_1_127' title='bbox 1902 3086 2047 3171; x_wconf 76' lang='lat' dir='ltr'>duobus</span> 
     </span>
     <span class='ocr_line' id='line_1_19' title="bbox 760 3210 2189 3330; baseline 0.002 -37"><span class='ocrx_word' id='word_1_128' title='bbox 760 3210 913 3328; x_wconf 73' lang='lat' dir='ltr'>prmdiis</span> <span class='ocrx_word' id='word_1_129' title='bbox 927 3210 967 3330; x_wconf 83' lang='lat' dir='ltr'><strong><em>s</em></strong></span> <span class='ocrx_word' id='word_1_130' title='bbox 991 3233 1097 3321; x_wconf 82' lang='lat' dir='ltr'>etg,</span> <span class='ocrx_word' id='word_1_131' title='bbox 1127 3231 1174 3297; x_wconf 80' lang='lat' dir='ltr'>ut</span> <span class='ocrx_word' id='word_1_132' title='bbox 1205 3213 1320 3298; x_wconf 86' lang='lat' dir='ltr'>trium</span> <span class='ocrx_word' id='word_1_133' title='bbox 1355 3214 1522 3324; x_wconf 84' lang='lat' dir='ltr'>partium</span> <span class='ocrx_word' id='word_1_134' title='bbox 1559 3214 1635 3330; x_wconf 83' lang='lat' dir='ltr'>As,</span> <span class='ocrx_word' id='word_1_135' title='bbox 1655 3213 1714 3325; x_wconf 79' lang='lat' dir='ltr'>sg</span> <span class='ocrx_word' id='word_1_136' title='bbox 1753 3232 1791 3297; x_wconf 89' lang='lat' dir='ltr'>et</span> <span class='ocrx_word' id='word_1_137' title='bbox 1811 3210 1881 3322; x_wconf 84' lang='lat' dir='ltr'>gh</span> <span class='ocrx_word' id='word_1_138' title='bbox 1938 3216 2045 3299; x_wconf 84' lang='lat' dir='ltr'>binae</span> <span class='ocrx_word' id='word_1_139' title='bbox 2160 3240 2189 3269; x_wconf 62' lang='lat'>·*</span> 
     </span>
     <span class='ocr_line' id='line_1_20' title="bbox 674 3337 1960 3454; baseline 0.002 -31"><span class='ocrx_word' id='word_1_140' title='bbox 674 3364 701 3409; x_wconf 83' lang='lat'>.·</span> <span class='ocrx_word' id='word_1_141' title='bbox 763 3337 918 3450; x_wconf 82' lang='lat' dir='ltr'>quaeuis</span> <span class='ocrx_word' id='word_1_142' title='bbox 946 3340 1156 3449; x_wconf 84' lang='lat' dir='ltr'>quantitate</span> <span class='ocrx_word' id='word_1_143' title='bbox 1187 3343 1420 3451; x_wconf 86' lang='lat' dir='ltr'>geometrice</span> <span class='ocrx_word' id='word_1_144' title='bbox 1452 3338 1656 3453; x_wconf 84' lang='lat' dir='ltr'>affignabili</span> <span class='ocrx_word' id='word_1_145' title='bbox 1686 3343 1908 3454; x_wconf 73' lang='lat' dir='ltr'>distrepent.</span> <span class='ocrx_word' id='word_1_146' title='bbox 1954 3374 1960 3387; x_wconf 94' lang='lat'><strong>·</strong></span> 
     </span>
    </p>
   </div>
   <div class='ocr_carea' id='block_1_6' title="bbox 1257 3499 1650 3619">
    <p class='ocr_par' dir='ltr' id='par_1_8' title="bbox 1257 3499 1650 3619">
     <span class='ocr_line' id='line_1_21' title="bbox 1257 3499 1650 3619; baseline -0.005 -3"><span class='ocrx_word' id='word_1_147' title='bbox 1257 3499 1556 3619; x_wconf 72' lang='lat' dir='ltr'>Sohnio</span> <span class='ocrx_word' id='word_1_148' title='bbox 1644 3508 1650 3523; x_wconf 84' lang='grc'><strong>’</strong></span> 
     </span>
    </p>
   </div>
   <div class='ocr_carea' id='block_1_7' title="bbox 763 3666 2147 4298">
    <p class='ocr_par' dir='ltr' id='par_1_9' title="bbox 763 3666 2147 4298">
     <span class='ocr_line' id='line_1_22' title="bbox 914 3666 2045 3787; baseline 0.004 -31"><span class='ocrx_word' id='word_1_149' title='bbox 914 3666 983 3756; x_wconf 85' lang='lat' dir='ltr'>Ex</span> <span class='ocrx_word' id='word_1_150' title='bbox 1015 3674 1164 3786; x_wconf 77' lang='lat' dir='ltr'>pundiia</span> <span class='ocrx_word' id='word_1_151' title='bbox 1182 3670 1332 3783; x_wconf 57' lang='grc' dir='ltr'>Μὶν</span> <span class='ocrx_word' id='word_1_152' title='bbox 1363 3677 1409 3762; x_wconf 92' lang='lat' dir='ltr'>ad</span> <span class='ocrx_word' id='word_1_153' title='bbox 1440 3676 1585 3761; x_wconf 73' lang='lat' dir='ltr'>tedam</span> <span class='ocrx_word' id='word_1_154' title='bbox 1619 3670 1739 3779; x_wconf 85' lang='lat' dir='ltr'>AD,</span> <span class='ocrx_word' id='word_1_155' title='bbox 1771 3697 1869 3785; x_wconf 89' lang='lat' dir='ltr'>quae</span> <span class='ocrx_word' id='word_1_156' title='bbox 1901 3674 2045 3787; x_wconf 82' lang='lat' dir='ltr'>ellipitr</span> 
     </span>
     <span class='ocr_line' id='line_1_23' title="bbox 763 3793 1976 3913; baseline 0.005 -32"><span class='ocrx_word' id='word_1_157' title='bbox 763 3793 807 3881; x_wconf 91' lang='lat' dir='ltr'>in</span> <span class='ocrx_word' id='word_1_158' title='bbox 836 3794 881 3881; x_wconf 79' lang='lat' dir='ltr'>A</span> <span class='ocrx_word' id='word_1_159' title='bbox 909 3802 1037 3909; x_wconf 85' lang='lat' dir='ltr'>tangit,</span> <span class='ocrx_word' id='word_1_160' title='bbox 1067 3799 1232 3885; x_wconf 84' lang='lat' dir='ltr'>demiffis</span> <span class='ocrx_word' id='word_1_161' title='bbox 1263 3804 1541 3913; x_wconf 86' lang='lat' dir='ltr'>perpendiculis</span> <span class='ocrx_word' id='word_1_162' title='bbox 1571 3822 1758 3887; x_wconf 76' lang='lat' dir='ltr'>vocentur</span> <span class='ocrx_word' id='word_1_163' title='bbox 1788 3798 1976 3887; x_wconf 82' lang='lat' dir='ltr'>abscissae:</span> 
     </span>
     <span class='ocr_line' id='line_1_24' title="bbox 883 3922 1626 4043; baseline 0.009 -33"><span class='ocrx_word' id='word_1_164' title='bbox 883 3926 1087 4039; x_wconf 67' lang='lat' dir='ltr'>AF:l;</span> <span class='ocrx_word' id='word_1_165' title='bbox 1122 3922 1330 4043; x_wconf 74' lang='lat' dir='ltr'>Ang3</span> <span class='ocrx_word' id='word_1_166' title='bbox 1362 3952 1403 4017; x_wconf 88' lang='lat' dir='ltr'>et</span> <span class='ocrx_word' id='word_1_167' title='bbox 1431 3928 1626 4019; x_wconf 76' lang='lat' dir='ltr'>Allzh</span> 
     </span>
     <span class='ocr_line' id='line_1_25' title="bbox 766 4052 2147 4175; baseline 0.007 -41"><span class='ocrx_word' id='word_1_168' title='bbox 766 4075 928 4161; x_wconf 90' lang='lat' dir='ltr'>quarum</span> <span class='ocrx_word' id='word_1_169' title='bbox 961 4053 1058 4138; x_wconf 87' lang='lat' dir='ltr'>haee</span> <span class='ocrx_word' id='word_1_170' title='bbox 1091 4052 1284 4139; x_wconf 75' lang='lat' dir='ltr'>Aflzh</span> <span class='ocrx_word' id='word_1_171' title='bbox 1313 4058 1453 4165; x_wconf 84' lang='lat' dir='ltr'>datur,</span> <span class='ocrx_word' id='word_1_172' title='bbox 1502 4058 1584 4141; x_wconf 89' lang='lat' dir='ltr'>illas</span> <span class='ocrx_word' id='word_1_173' title='bbox 1615 4082 1711 4141; x_wconf 83' lang='lat' dir='ltr'>vero</span> <span class='ocrx_word' id='word_1_174' title='bbox 1741 4056 1831 4141; x_wconf 86' lang='lat' dir='ltr'>duas</span> <span class='ocrx_word' id='word_1_175' title='bbox 1856 4057 1898 4175; x_wconf 85' lang='lat' dir='ltr'><strong><em>s</em></strong></span> <span class='ocrx_word' id='word_1_176' title='bbox 1938 4078 2048 4169; x_wconf 83' lang='lat' dir='ltr'>etg</span> <span class='ocrx_word' id='word_1_177' title='bbox 2143 4098 2147 4109; x_wconf 93' lang='lat'><strong>·</strong></span> 
     </span>
     <span class='ocr_line' id='line_1_26' title="bbox 768 4176 2051 4298; baseline 0.009 -38"><span class='ocrx_word' id='word_1_178' title='bbox 768 4176 1012 4263; x_wconf 87' lang='lat' dir='ltr'>determinari</span> <span class='ocrx_word' id='word_1_179' title='bbox 1042 4196 1213 4286; x_wconf 84' lang='lat' dir='ltr'>oportet.</span> <span class='ocrx_word' id='word_1_180' title='bbox 1258 4178 1378 4267; x_wconf 85' lang='lat' dir='ltr'>·Cum</span> <span class='ocrx_word' id='word_1_181' title='bbox 1409 4204 1536 4271; x_wconf 92' lang='lat' dir='ltr'>autem</span> <span class='ocrx_word' id='word_1_182' title='bbox 1556 4208 1709 4267; x_wconf 89' lang='lat' dir='ltr'>arcuum</span> <span class='ocrx_word' id='word_1_183' title='bbox 1731 4186 1769 4268; x_wconf 84' lang='lat' dir='ltr'><strong>A</strong></span> <span class='ocrx_word' id='word_1_184' title='bbox 1774 4188 1799 4298; x_wconf 78' lang='lat' dir='ltr'><em>J</em></span> <span class='ocrx_word' id='word_1_185' title='bbox 1815 4206 1853 4267; x_wconf 84' lang='lat' dir='ltr'>et</span> <span class='ocrx_word' id='word_1_186' title='bbox 1861 4188 1920 4297; x_wconf 81' lang='lat' dir='ltr'>jg</span> <span class='ocrx_word' id='word_1_187' title='bbox 1939 4188 2051 4293; x_wconf 77' lang='lat' dir='ltr'>diffe-¹</span> 
     </span>
    </p>
   </div>
   <div class='ocr_carea' id='block_1_8' title="bbox 768 4304 1984 4425">
    <p class='ocr_par' dir='ltr' id='par_1_10' title="bbox 768 4304 1984 4425">
     <span class='ocr_line' id='line_1_27' title="bbox 768 4304 1984 4425; baseline 0.009 -37"><span class='ocrx_word' id='word_1_188' title='bbox 768 4306 891 4389; x_wconf 81' lang='lat' dir='ltr'>tentia</span> <span class='ocrx_word' id='word_1_189' title='bbox 909 4304 1138 4413; x_wconf 84' lang='lat' dir='ltr'>geometrica</span> <span class='ocrx_word' id='word_1_190' title='bbox 1170 4306 1243 4386; x_wconf 85' lang='lat' dir='ltr'>esse</span> <span class='ocrx_word' id='word_1_191' title='bbox 1272 4308 1425 4403; x_wconf 88' lang='lat' dir='ltr'>debeat,</span> <span class='ocrx_word' id='word_1_192' title='bbox 1457 4316 1531 4394; x_wconf 88' lang='lat' dir='ltr'>erit</span> <span class='ocrx_word' id='word_1_193' title='bbox 1562 4334 1615 4395; x_wconf 86' lang='lat' dir='ltr'>ex</span> <span class='ocrx_word' id='word_1_194' title='bbox 1645 4312 1984 4425; x_wconf 78' lang='lat' dir='ltr'>praecedentibus:</span> 
     </span>
    </p>
   </div>
   <div class='ocr_carea' id='block_1_9' title="bbox 953 4426 1517 4592">
    <p class='ocr_par' dir='ltr' id='par_1_11' title="bbox 953 4426 1517 4592">
     <span class='ocr_line' id='line_1_28' title="bbox 953 4426 1517 4569; baseline 0.025 -53"><span class='ocrx_word' id='word_1_195' title='bbox 953 4483 1051 4569; x_wconf 61' lang='lat' dir='ltr'>g.-</span> <span class='ocrx_word' id='word_1_196' title='bbox 1072 4426 1517 4528; x_wconf 44' lang='lat' dir='ltr'>monogenem</span> 
     </span>
     <span class='ocr_line' id='line_1_29' title="bbox 997 4514 1328 4592; baseline 0.024 -26"><span class='ocrx_word' id='word_1_197' title='bbox 997 4522 1055 4542; x_wconf 88' lang='lat'>···</span> <span class='ocrx_word' id='word_1_198' title='bbox 1130 4582 1133 4592; x_wconf 33' lang='grc' dir='ltr'>Ι</span> <span class='ocrx_word' id='word_1_199' title='bbox 1211 4514 1328 4591; x_wconf 46' lang='lat' dir='ltr'>duel·</span> 
     </span>
    </p>
   </div>
   <div class='ocr_carea' id='block_1_10' title="bbox 1715 4684 2188 4839">
    <p class='ocr_par' dir='ltr' id='par_1_12' title="bbox 1715 4684 2188 4839">
     <span class='ocr_line' id='line_1_30' title="bbox 1715 4684 2188 4839; baseline 0.004 -1"><span class='ocrx_word' id='word_1_200' title='bbox 1715 4684 1720 4691; x_wconf 32' lang='lat'>⁸</span> <span class='ocrx_word' id='word_1_201' title='bbox 1889 4744 2058 4839; x_wconf 62' lang='lat' dir='ltr'>tamn</span> <span class='ocrx_word' id='word_1_202' title='bbox 2187 4692 2188 4748; x_wconf 69' lang='lat'><em>³</em></span> 
     </span>
    </p>
   </div>
   <div class='ocr_carea' id='block_1_11' title="bbox 0 0 2313 5908">
    <p class='ocr_par' dir='ltr' id='par_1_13' title="bbox 0 0 2313 5908">
     <span class='ocr_line' id='line_1_31' title="bbox 0 0 2313 5908; baseline 0 0"><span class='ocrx_word' id='word_1_203' title='bbox 0 0 2313 5908; x_wconf 95' lang='lat' dir='ltr'> </span> 
     </span>
    </p>
   </div>
  </div>
 </body>
</html>
