4584 5909
589 623 1138 777 utarouta
1368 634 1478 797 'aar

223 940 270 1003 ax
297 932 434 1023 magna
465 914 750 1028 particularum·
767 911 1011 998 albicantium
1038 976 1051 1017 ,
1079 910 1231 997 adiuta
1264 911 1339 997 hac
1368 918 1488 1001 e'suo
1579 947 1609 964 ··

224 1044 379 1127 solunte
411 1036 683 1151 separatarum,
728 1042 847 1150 ‘copia
875 1037 975 1121 sacta
1003 1039 1059 1125 eil
1080 1098 1118 1145 ‚.
1143 1041 1274 1151 quibua
1305 1044 1352 1128 ad
1391 1044 1487 1129 uitri
1630 1128 1636 1141 ,

222 1169 368 1258 dadum
403 1169 688 1278 praecipitatis,
727 1168 853 1276 liquor
882 1167 1118 1274 supernatans
1145 1169 1227 1252 uini
1257 1166 1381 1278 gallici
1409 1170 1485 1255 albi
1613 1209 1617 1217 ·

219 1317 257 1381 et
284 1294 552 1407 limpidiorem
588 1315 630 1379 et
659 1295 849 1385 colorem·
866 1292 1001 1377 induit.

364 1490 414 1603 β)
446 1484 598 1573 Eodem
630 1486 762 1599 spiritu
790 1486 943 1573 frudulo
971 1486 1144 1593 maiori,
1195 1484 1370 1595 cortice,
1421 1513 1485 1599 pa-

221 1614 467 1720 cenchycuace
499 1633 608 1725 atque
641 1615 811 1705 medulla
843 1616 1058 1717 constanti,
1089 1612 1196 1724 qarod
1226 1640 1370 1717 ramo,
1401 1640 1490 1701 ma·
1641 1709 1643 1718 ,

220 1746 451 1832 emtionem
484 1746 654 1830 nondum
690 1739 827 1853 palso,
857 1743 1115 1845 restcueram,
1155 1740 1304 1846 affuso,
1358 1741 1492 1826 similit

219 1875 407 1957 oriebatur
422 1868 735 1977 asefferuescentia,
766 1892 812 1953 vt
844 1871 979 1981 prius3
1012 1872 1101 1951 nitri
1133 1868 1280 1979 spiritus
1310 1872 1492 1973 eundemf
1584 1902 1587 1907 ·

217 2025 332 2111 quem
366 1995 532 2099 infolio,
562 1996 824 2109 parenchyma
853 2020 973 2097 uero,
1004 2000 1165 2079 durante
1197 1996 1492 2089 affemesteutit.

216 2127 389 2219 colorem
423 2127 544 2212 induit
572 2129 855 2235 nigricantem,
887 2125 988 2234 quali
1018 2124 1138 2208 millet
1169 2124 1353 2209 adullam.
1420 2120 1493 2206 In·

218 2254 379 2345 arnano
410 2271 536 2337 autem
565 2256 711 2363 aliquot
765 2253 949 2341 horarum
1004 2246 1183 2353 frustula,
1235 2253 1276 2335 in
1329 2268 1493 2359 utruque

129 2459 133 2468 .
217 2383 527 2493 experimento,
574 2413 604 2467 a
634 2402 673 2465 et
706 2382 738 2493 β
766 2381 968 2480 adhibita,
1013 2403 1156 2463 croceo
1186 2379 1317 2463 colore
1361 2378 1494 2465 lenlim

214 2510 471 2618 tingebantur.
572 2508 766 2597 Satucatua
813 2508 904 2591 dein
952 2507 1099 2615 spiritua
1135 2504 1225 2589 oleo
1254 2524 1343 2592 cart.
1378 2530 1421 2617 p.
1451 2507 1492 2595 d.

211 2631 355 2734 cadam
385 2634 527 2747 plane,
558 2662 603 2730 ac
631 2640 670 2725 in
703 2661 745 2746 a,
777 2635 882 2725 dedit
910 2634 1198 2755 phaetontem.

499 2850 511 2984 s
666 2870 874 3035 Exper.
944 2866 1050 2995 lx.

368 3075 532 3197 Spiritus
559 3083 638 3167 salis
669 3082 826 3166 faustulo
856 3082 1025 3186 maiori,
1057 3078 1232 3186 cortice,
1285 3072 1498 3199 parenchy}

210 3227 331 3295 mate
361 3233 470 3321 atque
503 3212 668 3295 medulla
700 3198 904 3316 constanti,
935 3219 978 3293 et'
1006 3212 1045 3291 iu
1079 3234 1173 3318 aqua
1206 3210 1377 3293 nondum
1412 3236 1501 3295 ma·

206 3356 355 3420 cerato
386 3338 550 3436 affusus,
584 3337 900 3419 efferuelceutiam
935 3337 1061 3417 statim
1096 3338 1334 3439 concitabat,
1371 3339 1501 3421 miuus

133 3496 138 3505 ’
206 3465 381 3570 quidem
438 3466 719 3577 impetuosam,
767 3488 882 3571 quam
916 3464 955 3545 in
984 3462 1137 3570 Exper.
1172 3458 1292 3569 Vlll,
1328 3464 1381 3545 ast
1414 3466 1503 3547 diu·
1611 3444 1615 3455 ⁸

209 3590 297 3673 tius
330 3590 542 3676 durantem.
607 3586 778 3675 Cedante
813 3590 919 3690 hac,
952 3588 1091 3673 stulluli
1119 3606 1279 3701 partes,
1311 3589 1508 3705 cohaesio·
1639 3596 1643 3603 '

204 3740 319 3801 nem
358 3720 455 3799 inter
482 3717 519 3799 se
552 3718 762 3822 seruantes,
802 3719 971 3802 colorem
1003 3719 1207 3831 primum,
1247 3718 1362 3799 utin
1399 3716 1506 3827 Exp.

207 3842 352 3928 vul.
384 3844 482 3927 hand
513 3846 740 3953 mutabaut3
784 3844 843 3932 sed
875 3847 995 3929 horae
1024 3844 1221 3926 intemallo
1254 3844 1412 3927 demum
1446 3845 1506 3929 oi-

202 3972 389 4083 gredine
419 3970 710 4078 inficiebantm,
742 3998 862 4084 eaque
893 3972 1074 4056 dilutiore
1104 3990 1277 4076 cortex,
1309 3968 1508 4055 saturatio·

202 4124 253 4185 re
315 4099 619 4209 paccnchyma‚
669 4100 804 4207 pallide
853 4099 939 4185 fusci
987 4098 1153 4214 tindura
1197 4120 1294 4180 uero
1326 4098 1505 4183 medulla.
1620 4160 1623 4166 -

200 4226 470 4331 Faustulum,
503 4227 641 4337 claplia
663 4227 800 4335 uiginti
831 4247 988 4335 quatuor
1015 4227 1142 4328 horis,
1176 4249 1290 4333 aquae
1308 4224 1508 4335 iniectum,

196 4356 388 4448 flandum
422 4357 568 4465 petiit,
614 4379 703 4437 com
736 4354 859 4439 fimile
890 4354 979 4441 hnic
1012 4351 1188 4464 (Exper.
1222 4352 1334 4436 Vlll.
1373 4356 1418 4468 β)
1446 4354 1510 4440 lu-

191 4500 484 4593 pernataret;
534 4502 741 4589 utrumque
791 4508 888 4567 vero
938 4481 1165 4567 sufficienter
1215 4481 1512 4588 edulcoratum,
1568 4543 1571 4549 ,

193 4618 299 4696 tam
347 4609 504 4714 colore,
534 4634 644 4719 qoam
678 4610 937 4714 confidentia,
967 4608 1071 4717 fungi
1105 4608 1253 4717 igniarii
1285 4609 1508 4719 particulam

269 4731 799 4822 Tom.Vll.Nou.Cocn.
873 4851 878 4857 Δ
990 4738 1108 4819 Aac
1359 4732 1510 4847 optima
