4584 5909
776 630 871 754 su
1035 626 1795 756 nieunruuuur

784 894 856 997 A,
887 891 946 975 seu
978 913 1140 1002 corpore
1172 889 1248 974 hoc
1278 887 1454 999 negarine
1486 885 1668 974 eteeuco
1706 885 1843 990 fusto,
1895 879 2055 973 eeffrnte

783 1039 874 1104 tunc
904 1019 1158 1134 repulsione,
1206 1020 1364 1106 materia
1394 1017 1565 1102 eledirica
1588 1005 1818 1101 'atrradioni
1852 1014 1972 1100 uersus
1998 1017 2059 1099 su·

784 1147 983 1260 perficiem
1018 1149 1078 1233 ab
1112 1152 1385 1257 obtemperare
1423 1147 1552 1232 debet.
1632 1145 1773 1230 Oritur
1821 1143 1915 1227 hinc
1963 1167 2059 1228 uero

660 1349 664 1358 .
783 1277 922 1385 status,
957 1301 1072 1388 quern
1105 1274 1263 1357 exhibet
1296 1273 1388 1382 Figu
1418 1287 1458 1360 n.
1488 1299 1503 1385 ;
1538 1277 1578 1357 in
1609 1259 1730 1383 sp'atio
1759 1295 1906 1380 nempe
1939 1269 2063 1384 abes

784 1408 941 1489 materia
980 1402 1179 1509 electrica,
1206 1401 1481 1511 condensatur,
1530 1401 1577 1486 in
1621 1398 1743 1513 spatio
1782 1399 1896 1511 escd
1939 1400 2059 1483 rarior

788 1533 929 1614 euadit.

844 1677 852 1692 ’
940 1671 983 1759 8)
1014 1654 1055 1743 Si
1088 1659 1192 1770 iam,
1224 1657 1469 1769 posteaquam
1488 1651 1525 1740 B
1543 1652 1646 1742 hunc
1661 1653 1798 1741 statum
1817 1655 2055 1742 condentum

784 1785 871 1890 est,
905 1787 1117 1898 superficies
1148 1787 1233 1894 cd,
1265 1805 1332 1872 aut
1359 1807 1525 1896 corpore
1558 1810 1636 1870 uon
1676 1809 1746 1896 per
1792 1783 1829 1867 se
1879 1783 2056 1868 electrico

773 1916 1060 2025 contingatur,
1092 1933 1155 1998 aut
1187 1939 1253 1998 aer
1283 1914 1383 1999 hauc
1423 1911 1661 2024 superficient
1711 1909 1882 1996 ambiens
1929 1936 2058 1995 remo·

634 2141 636 2148 Α
786 2063 953 2146 veatur,
986 2045 1107 2154 priori
1141 2046 1222 2125 casu
1255 2067 1309 2125 ex
1340 2065 1509 2150 corpore
1538 2037 1777 2154 superficiem
1796 2038 2055 2151 contingente,

786 2169 990 2277 posteriori
1018 2195 1068 2254 ex
1102 2171 1323 2278 corporibus
1354 2169 1578 2279 propinquis
1604 2191 1683 2253 non
1711 2191 1785 2276 per
1825 2167 1862 2249 se
1901 2165 2057 2251 electri·

775 2299 867 2401 ¹cis,
900 2321 971 2404 per
1004 2321 1203 2389 vacuum,
1237 2296 1634 2403 materiaeiedtrica,
1663 2295 1704 2378 io
1736 2313 1887 2406 partem
1922 2293 2059 2406 eled

772 2425 935 2508 tamdiu
968 2424 1162 2517 transibit,
1193 2425 1405 2533 usquedum
1436 2423 1701 2536 aequilibrium
1733 2423 1778 2509 fit
1817 2423 2057 2515 restitutum.

772 2553 814 2634 i·
849 2575 885 2634 e.
923 2553 1170 2664 usquedum,
1202 2556 1256 2636 vti
1307 2555 1346 2636 in
1405 2551 1488 2661 Fig.
1527 2581 1590 2658 9,
1644 2575 1729 2663 pare
1774 2549 1912 2667 efud
1958 2551 2057 2636 fluidi

771 2678 956 2764 -eledirici
1005 2683 1164 2790 copiam
1216 2681 1337 2766 rursus
1385 2683 1591 2768 naturalem
1639 2681 1795 2766 circiter
1839 2681 1952 2766 nauta
2000 2678 2055 2765 fit.

777 2807 879 2916 ⁸Hoc
912 2829 1007 2888 veto
1039 2807 1142 2890 fuito
1170 2831 1305 2918 corpus
1334 2803 1370 2892 B
1402 2810 1487 2920 pius
1518 2810 1701 2895 materiae
1730 2806 1936 2893 eiet‘trirae
1967 2831 2058 2892 coo·

787 2935 935 3034 tinere,
967 2961 1082 3044 quam
1119 2937 1296 3020 indutu
1345 2939 1411 3019 suo
1457 2939 1648 3044 naturali,
1698 2935 1942 3022 manifestum
1993 2935 2058 3022 est·
2122 2991 2125 2997 ·

772 3065 967 3169 -Remuto
1000 3065 1125 3175 itaque
1156 3089 1324 3172 corpore
1357 3065 1431 3174 Α,
1483 3066 1549 3152 ubi
1581 3069 1633 3150 ob
1673 3066 1944 3150 amauionem
1977 3089 2057 3150 ter·

784 3187 839 3272 sus
869 3190 926 3273 ab
959 3197 1037 3273 inm
1071 3191 1305 3300 crisantem,
1338 3189 1540 3303 aequabilis
1569 3194 1675 3278 fluidi
1723 3195 1893 3279 electuri
1941 3192 2059 3278 distri·

788 3317 892 3398 butio
928 3341 992 3423 per
1013 3309 1150 3400 'totum
1185 3346 1322 3430 corpus
1350 3323 1446 3406 taeta
1476 3323 1561 3425 est,
1593 3324 1633 3405 in
1665 3324 1796 3430 quauis
1827 3341 1940 3434 parte
1980 3345 2058 3404 cor·

773 3445 891 3556 [potis
930 3441 994 3551 B,
1047 3447 1104 3527 uri
1154 3447 1236 3558 Fig.
1280 3473 1349 3531 ro.
1385 3445 1578 3558 exhibet,
1623 3449 1786 3534 fluidum
1834 3450 2057 3535 cleonicum

786 3569 1024 3679 abundabit,
1054 3573 1114 3657 seu
1144 3597 1269 3658 totum
1302 3573 1441 3686 corpus
1471 3575 1631 3687 poiitiue
1661 3576 1880 3662 etcertum
1909 3574 2058 3660 eurum

943 3703 991 3802 9)
1025 3697 1142 3812 Supra
1163 3731 1182 3785 a
1210 3728 1273 3786 me
1298 3705 1469 3815 exposita
1515 3703 1819 3815 phaenomena,
1847 3727 1904 3789 ex
1929 3701 2061 3789 hude-

786 3851 852 3909 nus
885 3829 1118 3936 explicatis,
1149 3829 1353 3914 bliciffime
1381 3833 1649 3943 deducuntur,
1680 3857 1752 3918 nec
1784 3831 1908 3918 ullum
1928 3855 2063 3917 occur·

785 4085 844 4164 uis
878 4085 1155 4193 principiorum
1187 4087 1233 4170 ad
1286 4091 1554 4197 experimenta
1602 4087 1808 4198 adplicatio
1856 4086 2062 4175 luculenter

777 4208 860 4294 'boc
893 4213 1251 4324 commonsttabit3
1284 4235 1487 4327 antequam
1520 4241 1619 4300 tero
1659 4220 1806 4303 tradere
1845 4215 1951 4301 hane
1995 4239 2062 4327 rg-
2162 4250 2163 4287 t

782 4337 950 4448 grediar,
971 4338 1200 4422 iumentum
1229 4342 1290 4424 hic
1323 4343 1530 4427 leuioribus
1562 4347 1816 4433 reuocandum
1848 4347 1942 4451 etit,
1961 4343 2064 4454 quod
2161 4394 2162 4419 t

783 4463 936 4547 aliunde
967 4467 1043 4547 iam
1077 4469 1159 4549 bris
1186 4469 1367 4564 constat,
1417 4495 1490 4556 nec
1519 4471 1671 4558 cuidam
1703 4475 1767 4560 cui
1797 4473 2065 4594 experimente
2161 4508 2163 4559 t

782 4589 963 4678 creetur
993 4589 1076 4678 sutis
1105 4594 1191 4680 sunt¹
1219 4593 1448 4712 omniura,
1479 4583 1653 4712 ignotum
1678 4605 1788 4716 etit,
1966 4724 2001 4814 c

893 4740 898 4752 -
1719 4791 1728 4806 ,
1890 4734 1934 4841 1)
1999 4751 2069 4815 α·

2146 5392 2159 5701 t

521 3965 525 3972 '
609 3932 617 3950 ⁹
670 3985 674 3993 ’
784 3956 1648 4070 ritinteripsa,cuicaubsuffictensaffignnri
1669 3959 1903 4070 nonposs'et.
1967 3956 2061 4043 Bre-
2163 4000 2164 4015 ,
