4584 5909
357 658 1528 821 nrrrnaamrnnrnt'srncvunr‘onan.171
1652 828 1657 841 ,
1879 690 1883 699 ’
1954 672 1960 683 ’

186 994 190 1003 ·
265 905 397 1049 minua,
423 944 587 1029 sumatur
616 943 886 1052 multiplicator
915 942 1064 1029 formae
1092 944 1275 1031 secundae
1292 940 1537 1061 deffidy,
1596 1010 1602 1021 .

210 1086 214 1093 ’
250 1076 326 1185 ¹qui
359 1062 428 1156 uisr
460 1072 660 1179 negotium
688 1072 901 1179 confici,at
944 1091 1154 1157 recurratur
1183 1072 1231 1155 ad
1261 1074 1537 1184 multiplicato·

178 1224 182 1273 ῑ
266 1224 343 1287 rem
377 1201 524 1283 sormae
556 1202 718 1303 tertiae,
757 1218 858 1285 tum
898 1222 1082 1310 quartae,
1128 1218 1206 1282 etc.
1255 1225 1358 1285 mox
1407 1222 1537 1286 autem

265 1321 439 1433 colligere
487 1326 645 1435 licebit,
694 1348 821 1411 utrum
862 1352 930 1437 per
957 1325 1116 1425 factores
1150 1326 1287 1411 harum
1321 1326 1539 1411 formarum
1705 1321 1711 1332 ’

264 1456 464 1561 integratio
493 1452 631 1537 absolui
663 1474 788 1565 queat,
818 1445 889 1537 'trec
921 1452 1006 1540 nei
1038 1482 1117 1563 quo
1148 1454 1346 1564 posteriori
1378 1454 1475 1566 casu,
1493 1453 1540 1537 ad

265 1582 409 1666 formas
440 1584 559 1689 magis
588 1584 839 1691 complicatas
868 1584 941 1667 erit
971 1582 1301 1690 confugiendum,
1346 1608 1392 1667 ac
1421 1584 1543 1666 durn-

231 1716 390 1805 'modo
436 1708 653 1793 huurmodi
700 1713 845 1795 calculo
888 1712 1071 1795 fuerimus
1116 1710 1276 1815 assumi,
1323 1706 1543 1793 facultatem
1710 1686 1714 1693 ’

265 1836 378 1919 nobis
406 1838 735 1944 comparabimus,
769 1864 842 1948 pro
869 1839 1005 1949 quouis
1050 1838 1134 1921 casu
1181 1834 1315 1919 oblato
1360 1834 1543 1919 idoneam

261 1963 566 2071 multiplicatoris
594 1961 761 2049 sormam
789 1966 1067 2077 dignoscendi:
1117 1964 1166 2047 ad
1217 1988 1334 2074 quem
1384 1963 1544 2073 scopum
1682 1948 1688 1962 ’

199 2192 202 2196 7
261 2092 432 2173 euolutio
464 2091 750 2200 propofirorum
779 2096 1055 2204 exemplorum
1083 2092 1158 2176 erit
1186 2092 1496 2181 accommodata.

533 2376 536 2381 ·
650 2326 1020 2447 Problema
1105 2372 1152 2445 r.

175 2540 180 2549 ·
306 2650 355 2733 ad
422 2547 492 2634 ις.
552 2524 752 2634 Proposita
816 2528 1041 2635 aequatione
1098 2520 1336 2646 differentiaii
1402 2516 1571 2605 secundi·

259 2674 306 2759 gr
359 2676 429 2736 us:
1006 2704 1009 2709 ·

264 2876 269 2884 ·
385 2778 1399 2953 aayddy-4ady2-y‘4‘dx2s1÷xxsf³=0

264 3009 302 3093 in
333 3036 410 3119 qua
439 3009 685 3095 differentiae
714 3008 780 3093 dx
810 3004 978 3092 sumtum
1009 3004 1268 3093 eli-constans
1283 3066 1306 3116 ,1
1339 2999 1552 3101 eirninte·

220 3227 223 3240 ,
263 3140 368 3245 graie
402 3140 590 3222 inueune.

765 3305 1063 3427 Solutio

250 3575 253 3581 ·
421 3529 628 3615 Fadiorem
661 3527 813 3639 primae
842 3509 989 3615 sormae
1020 3530 1052 3615 P
1080 3527 1239 3613 tentanti
1292 3551 1392 3614 mox
1438 3550 1550 3643 pate·
1618 3618 1619 3623 Ν

267 3654 335 3759 bit,
375 3663 573 3765 negotium
607 3682 689 3739 non
721 3658 924 3765 succedere,
959 3660 1026 3743 nisi
1057 3658 1105 3743 sat
1135 3682 1273 3741 nz-
1287 3682 1446 3767 aquo
1462 3659 1553 3768 qui·

266 3804 356 3887 dem
393 3804 477 3887 cusu
508 3805 609 3890 soret
638 3795 796 3921 P:,÷
826 3822 868 3885 et
913 3808 1145 3915 aequationis
1197 3770 1552 3925 2332st
1676 3896 1684 3927 .·

470 3921 538 4025 4³
681 3977 783 4031 -ο
804 3952 1002 4063 integrale
1034 3955 1131 4037 eset
1230 3997 1231 4001 ι
1613 3923 1617 3930 ¹

271 4499 322 4581 ita
359 4518 402 4585 ιι
435 4498 498 4583 hic
525 4500 626 4585 casus
666 4496 841 4611 specialis
891 4498 1036 4587 nullam
1087 4494 1227 4585 habeat
1272 4494 1553 4587 difficultatem.

271 4624 318 4711 lu
370 4652 542 4758 genere
559 4631 704 4741 igitur
721 4650 797 4739 pro
828 4628 959 4715 valore
989 4651 1218 4741 quocunque
1248 4634 1557 4743 exponentisn,

936 4756 1041 4843 Y2
1388 4772 1553 4843 tentetur
