4584 5909
748 699 852 808 ψ·
1029 693 1117 785 nr
1146 682 1431 784 nmmum
1460 676 1765 827 crrrrrurr

884 922 955 1013 Sic
1003 922 1085 1011 satis
1127 924 1230 1007 bene
1274 916 1500 1005 mollescens
1545 914 1688 1000 nitrum
1715 934 1817 1001 cauo
1843 898 2024 1001 catinifi

746 1056 977 1168 applicabat,
992 1056 1083 1159 sed,
1109 1048 1207 1135 dum
1240 1048 1508 1153 refrigesceret,
1536 1046 1680 1127 rimam
1710 1042 1866 1151 agebat,
1897 1044 2025 1128 idem·

750 1211 830 1297 que
858 1184 978 1274 fatum
1010 1182 1117 1293 plura
1151 1180 1250 1263 nitra
1280 1193 1438 1291 experta
1464 1173 1575 1281 sunt,
1602 1178 1699 1255 dum
1732 1170 1843 1283 plura
1870 1170 2025 1285 experi-

747 1332 886 1407 menta
913 1309 1172 1401 restituebam.

782 1601 789 1611 .
897 1519 992 1606 Hoc
1023 1510 1322 1605 incommodum
1348 1516 1551 1602 euirarums
1580 1511 1688 1595 raria
1717 1510 1893 1619 rennui,
1925 1538 2025 1626 quo·

750 1674 842 1737 rum
874 1648 965 1733 iliud
993 1667 1144 1735 tantum
1182 1645 1423 1759 describam,
1471 1640 1576 1756 quod
1610 1638 1762 1753 semper
1789 1640 1925 1753 postea
1970 1666 2024 1731 ex

746 1796 851 1867 roto
876 1774 1054 1868 succeffir,

893 1982 1008 2074 Circa
1037 1985 1178 2073 lateres
1205 1988 1403 2099 ponebam
1428 1986 1575 2085 eineres
1607 2008 1677 2099 per
1704 1984 1874 2098 cribrum
1904 1982 2019 2093 abor,

630 2212 634 2217 ,
696 2170 699 2175 -
743 2129 792 2199 rt
822 2110 933 2200 srmui
962 2116 1251 2221 incalescerent,
1289 2136 1336 2201 et
1362 2140 1457 2203 cnm
1490 2139 1610 2199 uuum
1644 2115 1830 2199 vitrorum
1864 2110 2013 2203 urorum

743 2240 918 2329 debitam
948 2243 1119 2330 formam
1151 2238 1247 2329 esset
1276 2244 1547 2355 adsequutum,
1575 2242 1760 2325 carbones
1786 2261 2021 2353 quantoeyru

744 2389 772 2453 a
802 2364 999 2479 superiore
1025 2371 1208 2480 regminis
1240 2370 1352 2457 ferrei
1401 2389 1512 2479 parte
1559 2363 1846 2474 admonebam,
1872 2366 2021 2451 'omnia

748 2516 851 2579 vero
878 2493 1072 2582 cineribus
1095 2496 1225 2582 calidis
1254 2496 1468 2607 regebam,
1504 2494 1602 2581 nihil
1629 2497 1752 2609 aperti
1783 2494 2021 2605 relinquens,

748 2619 801 2707 fic
827 2614 970 2709 uiuum
1004 2622 1194 2737 integro‘m
1227 2625 1381 2707 seruaui.
1477 2624 1583 2709 Haec
1614 2624 1694 2733 plus
1742 2648 1856 2735 quum
1903 2621 2023 2705 decies

743 2756 839 2837 cum
870 2749 975 2839 uiuis
1001 2752 1216 2838 minoribus
1230 2814 1245 2863 ,
1274 2750 1377 2840 felici
1405 2750 1559 2867 semper
1588 2770 1754 2863 euentu,
1792 2749 1949 2863 repetii.

891 2963 981 3051 Posi
1010 2961 1107 3048 haec
1133 2962 1301 3051 securior
1324 2962 1375 3047 ad
1406 2968 1556 3051 maiora
1590 2964 1879 3075 progrediebar.
1940 2954 2021 3045 Ca·

747 3088 871 3177 tinum
901 3092 1086 3196 ferreum,
1113 3089 1253 3179 decem
1292 3092 1447 3177 circiter
1486 3095 1628 3205 digitos
1654 3094 1776 3177 iarum
1800 3158 1812 3201 ,
1838 3110 2021 3201 quantum

742 3218 827 3305 fieri
878 3237 1061 3331 poterat,
1107 3209 1315 3305 secuudum
1341 3244 1478 3301 arcum
1506 3221 1733 3305 cucularem
1767 3220 1916 3305 malleo
1944 3216 2018 3302 ela·

741 3345 964 3454 borabam;
1015 3342 1157 3431 omissa
1204 3368 1299 3431 uero
1346 3347 1510 3449 trinua,
1554 3350 1647 3459 quia
1696 3370 1778 3433 non
1811 3372 1915 3459 opus
1943 3358 2021 3427 erat

725 3496 827 3556 -rem
856 3468 1098 3560 exad‘tiffime
1130 3468 1275 3578 perfici.
1341 3471 1494 3557 Deinde
1529 3498 1582 3557 ex
1612 3476 1743 3583 uitro,
1775 3499 1857 3587 quo
1887 3473 1939 3559 ad
1966 3469 2057 3568 fe·¹

738 3598 879 3686 uestras
910 3600 1079 3703 utimur,
1108 3598 1218 3684 ousta
1247 3599 1346 3691 osio
1374 3602 1516 3715 digitos
1544 3600 1620 3685 iata
1639 3600 1832 3695 scrobum,
1866 3602 2021 3705 reliqua,

740 3746 786 3807 ut
835 3743 948 3833 ante,
1003 3748 1224 3839 peragens,
1273 3726 1394 3839 sicque
1438 3728 1579 3811 omnia
1612 3730 1733 3841 probe
1756 3729 2017 3813 successerunt.

740 3854 896 3943 Eorum
932 3854 1019 3939 bina
1049 3855 1435 3966 coniunxi,quomm
1466 3854 1623 3940 effeetus
1651 3858 1773 3941 etiam
1807 3880 1890 3939 non
1920 3875 2018 3938 con·

739 3982 963 4066 temnendus
1000 3980 1102 4086 suit,
1148 3980 1218 4069 etsi
1249 4000 1410 4094 propter
1439 3988 1608 4068 carinum
1642 3987 1773 4070 minus
1800 4000 2018 4069 accuratum

738 4106 842 4193 focus
872 4106 970 4193 bene
1004 4108 1228 4195 terminatur
1255 4128 1295 4192 et
1325 4109 1480 4196 cordius
1520 4132 1601 4194 non
1638 4116 1746 4196 eder.
1836 4108 2016 4193 Tandem

739 4234 912 4345 priorem
945 4236 1114 4319 catinum
1146 4238 1342 4321 maiorem
1371 4262 1556 4351 cupreum
1589 4238 1709 4327 rursus
1735 4236 1923 4337 adhibui,
1978 4234 2018 4317 in

738 4382 791 4441 eo
843 4361 987 4446 uitrum
1019 4358 1218 4447 Veretum
1270 4363 1464 4472 alterum,
1492 4366 1636 4478 digitos
1673 4366 1749 4450 sere
1799 4363 2018 4473 quindecim

739 4484 930 4574 rhenanus
961 4488 1113 4589 burn,
1141 4490 1380 4594 curuabam,
1425 4494 1490 4576 cui
1534 4492 1661 4578 srmile
1711 4492 1862 4605 periisse
1912 4510 2019 4573 antea

737 4614 878 4725 retuli,
918 4614 1199 4729 egregiorum
1252 4618 1438 4732 successu,
1487 4639 1671 4734 quamum
1701 4617 1929 4707 exaurtuno
1956 4638 2017 4699 cr-

1946 4763 2019 4827 nur
