4584 5909
639 671 779 806 uer
813 665 1111 802 corun
1372 831 1380 852 l
1476 655 1519 774 ι

146 912 151 922 ’
240 911 554 1003 testificationem
579 979 594 1023 ,
622 910 826 1024 respuent,
856 909 1087 1021 exquirenda
1119 903 1328 1008 laborant,
1359 889 1508 1013 inquo

242 1048 402 1152 negorio
458 1057 566 1125 certe
633 1035 914 1185 profirodiffima
971 1034 1180 1140 Analyseos
1234 1057 1367 1118 arcana
1427 1027 1513 1114 sunt

243 1169 444 1269 adeunda,
492 1168 545 1254 ita
593 1164 787 1277 ιι,φί
834 1163 898 1248 hic
946 1165 1149 1273 quicquam
1191 1157 1446 1272 praestiterit,
1477 1155 1511 1242 is
1607 1263 1614 1278 κ

246 1293 499 1410 plurimum
489 1310 532 1376 tn
559 1291 630 1378 hat
660 1291 810 1378 scientia
843 1287 1084 1502 profecisseest
1066 1287 1112 1373 tit
1142 1285 1355 1372 c'ensend'nt

381 1417 466 1502 Huc
515 1421 593 1506 siue
639 1420 777 1506 dubio
807 1406 1084 1519 reserendrest
1113 1419 1213 1501 noua
1245 1401 1508 1501 methodusa

243 1543 328 1632 Cel.
384 1541 556 1629 Artstore
592 1545 850 1658 excogitata,
900 1547 1004 1630 culus
1050 1568 1128 1658 ope
1170 1542 1506 1631 innumerabilium

240 1696 467 1779 carnarum,
513 1699 672 1786 quarum
722 1671 946 1759 testificatio
992 1697 1129 1757 omnes
1159 1675 1263 1756 vires
1294 1670 1510 1779 Analyseos
1615 1683 1622 1694 '

240 1799 496 1908 transcendit,
541 1808 647 1886 arcus
676 1805 776 1886 inter
806 1799 841 1882 se
871 1821 1093 1909 comparare
1124 1799 1256 1883 dotet.
1329 1799 1421 1886 ·Pro
1465 1798 1511 1882 iis

236 1929 395 2040 quidem
427 1927 587 2038 curuis,
615 1951 772 2042 qmrum
803 1925 1028 2014 testificatio
1058 1950 1136 2044 ope
1166 1922 1327 2037 circili,
1355 1923 1420 2013 rel
1449 1922 1510 2010 lo·

237 2053 559 2169 garithm'otum,
610 2054 792 2168 expediri
825 2054 980 2168 poten,
1011 2053 1091 2141 hoc
1122 2054 1286 2169 cognitis
1317 2047 1513 2142 methodis

236 2184 418 2296 praestari
473 2188 629 2296 potest,
680 2185 739 2270 sc'd
790 2202 916 2270 totum
969 2185 1165 2298 negotium
1216 2181 1344 2274 multo
1373 2179 1515 2272 neilus

235 2307 429 2395 beneficio
458 2311 568 2396 huius
598 2309 775 2400 methodi
807 2309 1041 2422 conficitur,
1086 2314 1418 2428 quemadmodum
1457 2337 1514 2401 ex

227 2437 454 2547 specimine
485 2441 695 2548 polleriore
726 2441 938 2524 luculenter
968 2462 1159 2551 apparet,
1208 2440 1283 2532 tbi
1305 2466 1510 2586 compara·

226 2562 397 2648 tionem
425 2563 580 2645 ιφιιιφ
613 2561 879 2663 circularium,
907 2563 1058 2650 aliunde
1089 2553 1245 2708 quidem
1276 2569 1359 2653 satis
1387 2570 1519 2680 cogni·

230 2687 373 2785 turm,
425 2702 468 2771 et
513 2689 671 2772 arcuum
721 2687 1063 2796 parabolicorum,
1127 2691 1224 2774 mira
1274 2675 1515 2802 simplicitate

232 2815 469 2925 exequitur,
518 2831 563 2897 vt
607 2813 687 2900 iam
720 2811 814 2897 hinc
846 2808 993 2900 struma
1026 2814 1167 2901 utilitas
1198 2807 1319 2903 buius
1338 2813 1514 2907 methodi

231 2941 388 3028 abunde
419 2939 578 3028 eluceat.
1096 3050 1109 3063 ἢ
1196 3051 1203 3060 .

378 3065 427 3154 Ιιι
460 3068 740 3154 alternantem
774 3069 1000 3181 specimine,
1031 3071 1134 3182 quod
1165 3069 1231 3159 hic
1261 3073 1393 3186 primo
1424 3073 1514 3162 loco

232 3213 383 3304 extat,
414 3196 513 3280 hauc
545 3196 775 3281 methodum
806 3197 1043 3308 potissimum
1078 3201 1125 3283 ad
1163 3199 1324 3311 Elliplirr
1358 3229 1518 3294 accom-

232 3262 443 3410 modat’am
478 3323 755 3434 conspicimus,
786 3327 890 3409 cuius
919 3325 1038 3410 lineae
1069 3327 1421 3440 testificationem,
1450 3356 1516 3416 ne·

231 3475 347 3562 que
344 3452 394 3554 ad
434 3463 541 3533 arens
586 3453 819 3562 circulares,
870 3477 994 3582 neque
1044 3452 1336 3564 logarithmos
1347 3461 1526 3568 reuocari

231 3562 386 3690 pods,
417 3569 518 3660 inter
524 3564 798 3705 Geometras
817 3573 950 3662 saties
930 3581 1113 3691 superque
1148 3586 1307 3686 conllat.
1373 3563 1514 3710 Neque

230 3707 361 3790 etiam
395 3704 437 3786 in
468 3703 541 3788 hnc
574 3691 685 3791 cuma
717 3705 831 3791 bino't
860 3730 965 3792 arcus
994 3708 1218 3818 dissimiles,
1249 3713 1314 3822 qui
1347 3717 1443 3801 inter
1478 3722 1514 3801 se

229 3833 309 3920 sint
340 3831 552 3959 aequales,
600 3831 817 3918 abscindere
844 3816 964 3943 licet,
1010 3861 1062 3921 ex
1092 3863 1171 3950 quo
1221 3841 1376 3926 multo
1393 3847 1516 3956 magis

230 3960 394 4044 mitum
444 3935 666 4065 uidebitur,
713 3963 805 4046 dato
833 3959 941 4044 huius
971 3989 1107 4046 curuae
1141 3991 1230 4049 arcu
1259 3993 1514 4080 quocunque,

227 4089 396 4194 semper
427 4084 545 4170 alium
578 4113 743 4179 arcum,
793 4104 833 4170 et
861 4087 900 4170 in
932 4088 1023 4173 dato
1054 4090 1206 4198 quidem
1241 4095 1387 4200 puoc‘lo
1436 4117 1516 4214 ter·
1592 4157 1597 4170 ·

228 4209 472 4316 miniatum,
513 4212 689 4298 exbiberi
721 4211 866 4329 posse,
913 4214 980 4324 qui
1011 4216 1060 4301 ab
1092 4217 1158 4302 illo
1185 4217 1335 4306 differat
1341 4229 1515 4346 quanti·

229 4354 313 4425 tate
346 4342 608 4448 geometrice
632 4341 866 4455 astigrubili,
912 4366 1003 4427 cum
1053 4343 1133 4455 hoc
1181 4371 1232 4432 ne
1281 4351 1321 4433 in
1341 4335 1537 4440 circulo⁴

227 4468 400 4578 quidem
435 4464 612 4575 praeliari
643 4478 766 4605 queat.
841 4467 882 4555 Si
914 4473 1019 4554 enim
1052 4473 1305 4560 differentia
1294 4497 1392 4564 rnter
1422 4485 1513 4568 φοι

190 4597 358 4726 'amm'
380 4593 582 4683 circulares
636 4592 880 4710 geometrice
919 4595 1090 4711 assignari
1138 4607 1285 4720 posset,
1339 4630 1388 4692 eo
1432 4613 1532 4720 ipso'

1398 4739 1515 4826 testi·
1556 4791 1558 4800 J
