4584 5909
422 567 906 726 bactruarourra
940 631 1303 762 nmcnnrto,
1423 659 1508 738 ru

393 857 508 944 Nunc
554 860 757 970 superest,
804 881 846 943 tt
895 863 1061 946 dicamus
1101 927 1115 969 ,
1168 865 1373 973 quomodo
1423 889 1513 952 aens

138 993 143 1006 '
248 983 379 1074 debeat
429 988 643 1095 lul'pendij
701 1011 749 1070 ne
798 1013 886 1072 eam
947 991 987 1070 in
1036 981 1174 1074 medio
1240 993 1436 1076 exscindi·
1470 994 1514 1077 ht
1645 1036 1651 1047 1

246 1138 354 1224 opus.
453 1116 516 1196 Ad
558 1116 729 1198 itinero
758 1115 1050 1224 obtinendum,
1098 1120 1319 1226 sequentem
1349 1123 1515 1202 inmo-
1592 1155 1595 1159 ’

246 1245 336 1327 dnm
371 1263 551 1350 peragere
579 1259 741 1350 oportet
797 1243 881 1352 Fig.
907 1265 948 1342 a.
971 1248 1221 1352 repraesentat
1236 1270 1343 1329 acum
1363 1271 1513 1353 norum,
1538 1263 1703 1363 'ram
1768 1229 1778 1248 ⁴

243 1369 500 1481 prismaticam
525 1363 871 1480 'quadrangularem
901 1445 913 1478 ‚
947 1373 1144 1458 latitudine
1172 1372 1371 1458 cralhtiem
1402 1375 1504 1458 suant
1534 1370 1608 1476 th.
1641 1404 1676 1465 t·

238 1515 370 1606 quater
392 1497 462 1578 'seu
493 1499 689 1606 quinquies
721 1501 874 1582 circiter
894 1489 1163 1608 superantem.
1238 1501 1513 1585 Extremitatea

219 1624 304 1710 'srrrt
337 1623 601 1735 acuminatae,
634 1645 678 1706 vt
708 1631 840 1734 gradus
869 1623 1012 1736 pnlllnt
1044 1625 1230 1738 indicare,
1263 1622 1326 1710 vel
1358 1648 1398 1712 et
1428 1647 1512 1711 tota

238 1775 327 1834 acue
378 1751 687 1861 parallelepipedi
734 1751 898 1840 formam
947 1757 1110 1840 retinere
1161 1757 1326 1865 poteii,
1381 1755 1408 1839 sr
1453 1756 1515 1838 cui

237 1879 389 1964 animus
434 1878 490 1964 est
543 1878 682 1966 Nonio
714 1905 801 1966 eam
836 1882 1050 1994 instruere,
1103 1886 1207 1992 qnod
1241 1882 1398 1992 perinde
1426 1881 1514 1967 erit.

237 2004 323 2116 Fig.
344 2030 375 2109 4
393 2025 430 2090 et
460 2031 504 2108 ς.
541 2003 622 2089 sunt
653 2005 1030 2116 anitentichalceae,
1050 2033 1074 2090 e
1091 2012 1224 2119 quintu
1241 2033 1322 2094 urta
1337 2007 1400 2093 vel
1419 2012 1511 2109 alte·

233 2160 274 2220 ra
293 2142 341 2218 ad
361 2134 650 2243 suspendendam
670 2161 779 2218 acum
812 2139 983 2248 eligatur.
1052 2130 1260 2222 Frustnlum
1286 2131 1525 2221 bibrachiale'

233 2257 319 2349 AB
356 2261 439 2370 Fig.
479 2293 523 2367 4.
557 2261 695 2346 duabus
744 2267 994 2350 mediantibus
1040 2242 1209 2348 'cochleis
1258 2263 1506 2372 tennillrmia‚
1529 2248 1603 2358 lig„
1629 2288 1666 2354 n

230 2391 391 2474 crallrtie
409 2397 481 2472 uix
497 2388 639 2474 stactam
674 2388 878 2474 latitudinis
908 2417 996 2476 acus
1034 2411 1183 2499 partem
1214 2391 1481 2500 attingentibus
1498 2407 1530 2498 ,'

230 2521 279 2602 ad
309 2543 400 2600 acus
432 2517 603 2602 medium
637 2516 830 2627 alligatur.
891 2518 1047 2604 Par'nula
1077 2519 1141 2602 illa
1181 2519 1257 2601 duo
1286 2518 1508 2621 foramina,

230 2647 370 2755 quibus
415 2643 599 2729 cochleae
649 2671 690 2750 r,
726 2671 765 2750 a,
815 2645 1020 2728 inseruntur
1049 2647 1216 2754 perticae
1249 2647 1514 2753 magneticae‚

230 2772 379 2856 nullum
413 2772 578 2880 omnino
608 2770 881 2855 detrimentum
915 2767 1049 2855 afferre
1082 2768 1249 2881 potsunt.
1346 2769 1385 2855 Si
1426 2774 1512 2880 quis

226 2923 321 2983 tero
355 2899 436 2983 hoc
470 2897 774 3008 pertimesceret,
808 2889 934 2982 aniam
961 2898 1052 3007 lita
1073 2921 1116 2999 5.
1152 2896 1338 3006 praeferre
1371 2899 1509 3006 pollet.

231 3025 410 3112 Frullnm
459 3025 535 3108 hoc
586 3027 696 3109 theca
747 3023 839 3113 CD
879 3025 932 3108 ell
962 3025 1220 3121 instructum,
1252 3027 1311 3108 cui
1340 3024 1509 3108 inseritur

227 3181 335 3246 actu,
370 3174 410 3237 et
442 3153 598 3236 cochlea
636 3155 673 3238 E
704 3153 891 3236 mediante
923 3151 1110 3238 firntntur.
1148 3150 1196 3251 F,
1224 3151 1330 3258 hell
1347 3153 1506 3235 cochlea

227 3282 416 3388 chalyben
469 3282 642 3364 acumine
696 3265 902 3382 indurato,
950 3287 1054 3366 cuins
1096 3303 1172 3388 ope
1226 3303 1309 3361 acus
1359 3281 1504 3388 suspen·

225 3409 342 3493 ditur.
443 3411 570 3494 Acnrn
621 3410 719 3490 inter
768 3426 883 3516 atque
916 3407 1042 3490 anhm
1078 3407 1262 3490 trabecula
1295 3410 1504 3516 traiicitur,
1530 3393 1608 3500 th,
1635 3423 1669 3498 ς·

229 3536 419 3637 achatae,
471 3535 614 3619 aliusue
665 3531 774 3618 salicis
822 3533 974 3618 frnllulo
1020 3553 1206 3618 excauato
1254 3534 1505 3642 instructum,

221 3663 285 3746 cui
335 3663 518 3754 cochleae
569 3685 728 3746 acumen
776 3663 1019 3772 imponitur,
1070 3683 1230 3769 acusque
1274 3659 1382 3767 supra
1413 3662 1506 3744 illud

226 3816 425 3876 mouetur.
521 3789 611 3900 Ope
652 3787 833 3874 cochleae
869 3789 898 3872 F
933 3789 1116 3898 pannium
1151 3784 1390 3897 iuspenlionis
1423 3787 1507 3896 plns
1582 3895 1585 3904 Ι

226 3923 405 4007 minusue
452 3945 474 4004 a
514 3937 647 4002 centro
678 3919 867 4026 grauitatis
900 3943 973 4024 pro
1001 3913 1213 3998 necelhtate
1243 3934 1499 4018 remanetur,

221 4068 265 4133 vt
285 4075 379 4134 acus
398 4049 482 4160 plus
498 4049 665 4132 minusue
683 4047 730 4129 ad
751 4045 865 4128 latera
883 4037 1044 4128 oscillare
1063 4062 1187 4151 queat.
1225 4041 1298 4150 Fig
1326 4049 1370 4132 6.
1388 4068 1498 4127 acum
1526 4077 1597 4186 pig,
1627 4091 1664 4155 ⁶,

225 4202 300 4260 una
319 4204 411 4261 cum
431 4177 495 4258 suo
512 4195 693 4284 apparatu
712 4171 974 4282 repraesentat,
987 4195 1102 4280 quarn
1121 4169 1257 4255 lllnllri
1278 4165 1500 4256 Conuentni

223 4305 470 4389 Academico
502 4299 611 4386 nunc
636 4301 865 4386 elaboratam
901 4296 996 4384 ststO·
1083 4297 1184 4380 Acus
1217 4297 1344 4407 haec,
1399 4300 1504 4382 cuins

222 4429 434 4544 longitudo
466 4443 513 4537 7}
545 4416 640 4543 poll.
675 4429 838 4516 latitudo
869 4455 902 4534 4
932 4427 1001 4513 lin.
1035 4424 1207 4512 crassitiet
1243 4451 1264 4506 1
1303 4425 1372 4512 lin.
1423 4425 1501 4537 pe-

685 4587 692 4594 ·
1443 4551 1502 4634 dit
