<?xml version="1.0" encoding="UTF-8"?>
<!DOCTYPE html PUBLIC "-//W3C//DTD XHTML 1.0 Transitional//EN"
    "http://www.w3.org/TR/xhtml1/DTD/xhtml1-transitional.dtd">
<html xmlns="http://www.w3.org/1999/xhtml" xml:lang="en" lang="en">
 <head>
  <title>
</title>
<meta http-equiv="Content-Type" content="text/html;charset=utf-8" />
  <meta name='ocr-system' content='tesseract 3.04.00' />
  <meta name='ocr-capabilities' content='ocr_page ocr_carea ocr_par ocr_line ocrx_word'/>
</head>
<body>
  <div class='ocr_page' id='page_1' title='image "./novicommentarii02sssrgoog/novicommentarii02sssrgoog_0336.png"; bbox 0 0 4584 5909; ppageno 0'>
   <div class='ocr_carea' id='block_1_1' title="bbox 578 629 1530 748">
    <p class='ocr_par' dir='ltr' id='par_1_1' title="bbox 578 629 1530 748">
     <span class='ocr_line' id='line_1_1' title="bbox 578 629 1530 748; baseline 0.002 -26"><span class='ocrx_word' id='word_1_1' title='bbox 578 629 1182 728; x_wconf 64' lang='lat' dir='ltr'><strong>annotarem</strong></span> <span class='ocrx_word' id='word_1_2' title='bbox 1440 641 1530 748; x_wconf 52' lang='grc' dir='ltr'><strong>ιη</strong></span> 
     </span>
    </p>
   </div>
   <div class='ocr_carea' id='block_1_2' title="bbox 128 855 1592 2248">
    <p class='ocr_par' dir='ltr' id='par_1_2' title="bbox 128 855 1592 2248">
     <span class='ocr_line' id='line_1_2' title="bbox 259 855 1536 976; baseline 0.003 -28"><span class='ocrx_word' id='word_1_3' title='bbox 259 855 528 968; x_wconf 69' lang='lat' dir='ltr'><strong>aetenam,</strong></span> <span class='ocrx_word' id='word_1_4' title='bbox 566 859 780 945; x_wconf 84' lang='lat' dir='ltr'><strong>distribuere</strong></span> <span class='ocrx_word' id='word_1_5' title='bbox 828 864 970 970; x_wconf 88' lang='lat' dir='ltr'><strong>debet,</strong></span> <span class='ocrx_word' id='word_1_6' title='bbox 1007 866 1220 976; x_wconf 77' lang='lat' dir='ltr'><strong>usquedum</strong></span> <span class='ocrx_word' id='word_1_7' title='bbox 1269 862 1438 950; x_wconf 68' lang='lat' dir='ltr'><strong>ciusdem</strong></span> <span class='ocrx_word' id='word_1_8' title='bbox 1488 865 1536 954; x_wconf 80' lang='lat' dir='ltr'><strong>fit</strong></span> 
     </span>
     <span class='ocr_line' id='line_1_3' title="bbox 258 987 1530 1106; baseline 0.003 -29"><span class='ocrx_word' id='word_1_9' title='bbox 258 991 350 1076; x_wconf 93' lang='lat' dir='ltr'><strong>inibi</strong></span> <span class='ocrx_word' id='word_1_10' title='bbox 379 987 588 1106; x_wconf 64' lang='lat' dir='ltr'><strong>pensitatis,</strong></span> <span class='ocrx_word' id='word_1_11' title='bbox 621 1014 727 1098; x_wconf 81' lang='lat' dir='ltr'><strong>quae</strong></span> <span class='ocrx_word' id='word_1_12' title='bbox 744 988 800 1079; x_wconf 80' lang='lat' dir='ltr'><strong>cst</strong></span> <span class='ocrx_word' id='word_1_13' title='bbox 829 992 869 1074; x_wconf 91' lang='lat' dir='ltr'><strong>in</strong></span> <span class='ocrx_word' id='word_1_14' title='bbox 902 1014 1065 1099; x_wconf 91' lang='lat' dir='ltr'><strong>corpore</strong></span> <span class='ocrx_word' id='word_1_15' title='bbox 1098 997 1358 1102; x_wconf 84' lang='lat' dir='ltr'><strong>contingente.</strong></span> <span class='ocrx_word' id='word_1_16' title='bbox 1422 992 1530 1082; x_wconf 86' lang='lat' dir='ltr'><strong>Tum</strong></span> 
     </span>
     <span class='ocr_line' id='line_1_4' title="bbox 255 1115 1529 1232; baseline 0.002 -30"><span class='ocrx_word' id='word_1_17' title='bbox 255 1117 369 1232; x_wconf 85' lang='lat' dir='ltr'><strong>igitur</strong></span> <span class='ocrx_word' id='word_1_18' title='bbox 399 1140 540 1230; x_wconf 81' lang='lat' dir='ltr'><strong>corpus</strong></span> <span class='ocrx_word' id='word_1_19' title='bbox 566 1139 656 1198; x_wconf 88' lang='lat' dir='ltr'><strong>eum</strong></span> <span class='ocrx_word' id='word_1_20' title='bbox 691 1115 907 1226; x_wconf 84' lang='lat' dir='ltr'><strong>adipiscitur</strong></span> <span class='ocrx_word' id='word_1_21' title='bbox 926 1117 1090 1223; x_wconf 85' lang='lat' dir='ltr'><strong>statum,</strong></span> <span class='ocrx_word' id='word_1_22' title='bbox 1122 1145 1238 1230; x_wconf 92' lang='lat' dir='ltr'><strong>quem</strong></span> <span class='ocrx_word' id='word_1_23' title='bbox 1265 1119 1423 1204; x_wconf 84' lang='lat' dir='ltr'><strong>exbibet</strong></span> <span class='ocrx_word' id='word_1_24' title='bbox 1442 1121 1529 1232; x_wconf 76' lang='lat' dir='ltr'><strong>ng.</strong></span> 
     </span>
     <span class='ocr_line' id='line_1_5' title="bbox 257 1241 1592 1362; baseline 0.007 -39"><span class='ocrx_word' id='word_1_25' title='bbox 257 1251 309 1352; x_wconf 73' lang='lat'><strong>6,</strong></span> <span class='ocrx_word' id='word_1_26' title='bbox 341 1269 428 1354; x_wconf 89' lang='lat' dir='ltr'><strong>pars</strong></span> <span class='ocrx_word' id='word_1_27' title='bbox 458 1266 601 1357; x_wconf 80' lang='lat' dir='ltr'><strong>nempe</strong></span> <span class='ocrx_word' id='word_1_28' title='bbox 633 1241 754 1357; x_wconf 79' lang='lat' dir='ltr'><strong>abes</strong></span> <span class='ocrx_word' id='word_1_29' title='bbox 776 1258 1006 1356; x_wconf 79' lang='lat' dir='ltr'><strong>minorem,</strong></span> <span class='ocrx_word' id='word_1_30' title='bbox 1051 1273 1137 1358; x_wconf 74' lang='lat' dir='ltr'><strong>para</strong></span> <span class='ocrx_word' id='word_1_31' title='bbox 1169 1274 1265 1334; x_wconf 81' lang='lat' dir='ltr'><strong>vero</strong></span> <span class='ocrx_word' id='word_1_32' title='bbox 1302 1248 1409 1362; x_wconf 76' lang='lat' dir='ltr'><strong>escd</strong></span> <span class='ocrx_word' id='word_1_33' title='bbox 1440 1272 1532 1331; x_wconf 87' lang='lat' dir='ltr'><strong>ean·</strong></span> <span class='ocrx_word' id='word_1_34' title='bbox 1589 1259 1592 1262; x_wconf 80' lang='grc'>’</span> 
     </span>
     <span class='ocr_line' id='line_1_6' title="bbox 254 1371 1586 1488; baseline 0.003 -34"><span class='ocrx_word' id='word_1_35' title='bbox 254 1373 348 1454; x_wconf 86' lang='lat' dir='ltr'><strong>dem</strong></span> <span class='ocrx_word' id='word_1_36' title='bbox 380 1373 525 1488; x_wconf 82' lang='lat' dir='ltr'><strong>circiter</strong></span> <span class='ocrx_word' id='word_1_37' title='bbox 556 1387 726 1452; x_wconf 80' lang='lat' dir='ltr'><strong>continet</strong></span> <span class='ocrx_word' id='word_1_38' title='bbox 755 1371 863 1456; x_wconf 88' lang='lat' dir='ltr'><strong>fluidi</strong></span> <span class='ocrx_word' id='word_1_39' title='bbox 902 1373 1069 1458; x_wconf 71' lang='lat' dir='ltr'><strong>electrici</strong></span> <span class='ocrx_word' id='word_1_40' title='bbox 1103 1378 1288 1486; x_wconf 88' lang='lat' dir='ltr'><strong>copiam,</strong></span> <span class='ocrx_word' id='word_1_41' title='bbox 1319 1376 1468 1487; x_wconf 86' lang='lat' dir='ltr'><strong>qualern</strong></span> <span class='ocrx_word' id='word_1_42' title='bbox 1488 1373 1531 1458; x_wconf 92' lang='lat' dir='ltr'><strong>in</strong></span> <span class='ocrx_word' id='word_1_43' title='bbox 1585 1404 1586 1407; x_wconf 39' lang='lat'>¹</span> 
     </span>
     <span class='ocr_line' id='line_1_7' title="bbox 253 1495 1533 1612; baseline 0.002 -30"><span class='ocrx_word' id='word_1_44' title='bbox 253 1499 351 1582; x_wconf 85' lang='lat' dir='ltr'><strong>statu</strong></span> <span class='ocrx_word' id='word_1_45' title='bbox 383 1499 534 1582; x_wconf 82' lang='lat' dir='ltr'><strong>naturali</strong></span> <span class='ocrx_word' id='word_1_46' title='bbox 564 1495 758 1581; x_wconf 79' lang='lat' dir='ltr'>habuerat.</span> <span class='ocrx_word' id='word_1_47' title='bbox 827 1500 955 1584; x_wconf 84' lang='lat' dir='ltr'><strong>Facile</strong></span> <span class='ocrx_word' id='word_1_48' title='bbox 987 1527 1080 1584; x_wconf 82' lang='lat' dir='ltr'><strong>vcro</strong></span> <span class='ocrx_word' id='word_1_49' title='bbox 1111 1522 1249 1612; x_wconf 84' lang='lat' dir='ltr'><strong>patet,</strong></span> <span class='ocrx_word' id='word_1_50' title='bbox 1289 1495 1324 1586; x_wconf 58' lang='lat' dir='ltr'><strong>‘st</strong></span> <span class='ocrx_word' id='word_1_51' title='bbox 1362 1502 1533 1610; x_wconf 80' lang='lat' dir='ltr'>capiatur</span> 
     </span>
     <span class='ocr_line' id='line_1_8' title="bbox 193 1623 1582 1731; baseline 0.003 -21"><span class='ocrx_word' id='word_1_52' title='bbox 193 1719 196 1726; x_wconf 57' lang='grc'>,</span> <span class='ocrx_word' id='word_1_53' title='bbox 250 1627 332 1710; x_wconf 88' lang='lat' dir='ltr'><strong>iam</strong></span> <span class='ocrx_word' id='word_1_54' title='bbox 368 1625 515 1731; x_wconf 86' lang='lat' dir='ltr'><strong>summa</strong></span> <span class='ocrx_word' id='word_1_55' title='bbox 550 1624 656 1710; x_wconf 85' lang='lat' dir='ltr'><strong>fluidi</strong></span> <span class='ocrx_word' id='word_1_56' title='bbox 677 1627 883 1730; x_wconf 59' lang='lat' dir='ltr'><strong>oleario,</strong></span> <span class='ocrx_word' id='word_1_57' title='bbox 931 1629 971 1710; x_wconf 91' lang='lat' dir='ltr'><strong>in</strong></span> <span class='ocrx_word' id='word_1_58' title='bbox 1003 1629 1124 1715; x_wconf 88' lang='lat' dir='ltr'><strong>hocce</strong></span> <span class='ocrx_word' id='word_1_59' title='bbox 1156 1632 1250 1714; x_wconf 83' lang='lat' dir='ltr'><strong>statu</strong></span> <span class='ocrx_word' id='word_1_60' title='bbox 1284 1631 1323 1710; x_wconf 92' lang='lat' dir='ltr'><strong>in</strong></span> <span class='ocrx_word' id='word_1_61' title='bbox 1362 1623 1399 1710; x_wconf 93' lang='lat' dir='ltr'>B</span> <span class='ocrx_word' id='word_1_62' title='bbox 1435 1651 1535 1714; x_wconf 89' lang='lat' dir='ltr'><strong>con·</strong></span> <span class='ocrx_word' id='word_1_63' title='bbox 1577 1689 1582 1697; x_wconf 82' lang='lat'><strong>·</strong></span> 
     </span>
     <span class='ocr_line' id='line_1_9' title="bbox 252 1755 1533 1868; baseline 0.005 -32"><span class='ocrx_word' id='word_1_64' title='bbox 252 1755 387 1860; x_wconf 90' lang='lat' dir='ltr'><strong>tenti,</strong></span> <span class='ocrx_word' id='word_1_65' title='bbox 418 1756 609 1838; x_wconf 84' lang='lat' dir='ltr'><strong>minorem</strong></span> <span class='ocrx_word' id='word_1_66' title='bbox 644 1778 731 1838; x_wconf 87' lang='lat' dir='ltr'><strong>eam</strong></span> <span class='ocrx_word' id='word_1_67' title='bbox 766 1756 931 1842; x_wconf 74' lang='lat' dir='ltr'><strong>mentam</strong></span> <span class='ocrx_word' id='word_1_68' title='bbox 969 1755 1081 1861; x_wconf 84' lang='lat' dir='ltr'><strong>eise,</strong></span> <span class='ocrx_word' id='word_1_69' title='bbox 1113 1763 1319 1868; x_wconf 89' lang='lat' dir='ltr'><strong>quantitate</strong></span> <span class='ocrx_word' id='word_1_70' title='bbox 1362 1755 1533 1842; x_wconf 85' lang='lat' dir='ltr'><strong>naturali.</strong></span> 
     </span>
     <span class='ocr_line' id='line_1_10' title="bbox 150 1879 1532 1996; baseline 0.005 -33"><span class='ocrx_word' id='word_1_71' title='bbox 150 1913 154 1922; x_wconf 94' lang='lat'>·</span> <span class='ocrx_word' id='word_1_72' title='bbox 249 1883 483 1996; x_wconf 85' lang='lat' dir='ltr'><strong>Quanquam</strong></span> <span class='ocrx_word' id='word_1_73' title='bbox 515 1881 621 1967; x_wconf 79' lang='lat' dir='ltr'><strong>enim</strong></span> <span class='ocrx_word' id='word_1_74' title='bbox 654 1879 694 1964; x_wconf 91' lang='lat' dir='ltr'><strong>in</strong></span> <span class='ocrx_word' id='word_1_75' title='bbox 724 1902 832 1992; x_wconf 86' lang='lat' dir='ltr'><strong>parte</strong></span> <span class='ocrx_word' id='word_1_76' title='bbox 865 1883 977 1993; x_wconf 81' lang='lat' dir='ltr'><strong>efcd</strong></span> <span class='ocrx_word' id='word_1_77' title='bbox 994 1943 1008 1994; x_wconf 96' lang='lat'><strong>,</strong></span> <span class='ocrx_word' id='word_1_78' title='bbox 1042 1888 1151 1994; x_wconf 87' lang='lat' dir='ltr'><strong>copia</strong></span> <span class='ocrx_word' id='word_1_79' title='bbox 1183 1881 1357 1969; x_wconf 83' lang='lat' dir='ltr'><strong>naturalis</strong></span> <span class='ocrx_word' id='word_1_80' title='bbox 1374 1881 1475 1987; x_wconf 78' lang='lat' dir='ltr'><strong>adiit,</strong></span> <span class='ocrx_word' id='word_1_81' title='bbox 1493 1884 1532 1970; x_wconf 88' lang='lat' dir='ltr'><strong>in</strong></span> 
     </span>
     <span class='ocr_line' id='line_1_11' title="bbox 233 2009 1535 2124; baseline 0 -32"><span class='ocrx_word' id='word_1_82' title='bbox 233 2012 372 2112; x_wconf 86' lang='lat' dir='ltr'><strong>altera</strong></span> <span class='ocrx_word' id='word_1_83' title='bbox 406 2030 536 2094; x_wconf 87' lang='lat' dir='ltr'><strong>tamen</strong></span> <span class='ocrx_word' id='word_1_84' title='bbox 570 2027 673 2116; x_wconf 86' lang='lat' dir='ltr'><strong>parte</strong></span> <span class='ocrx_word' id='word_1_85' title='bbox 707 2009 828 2124; x_wconf 79' lang='lat' dir='ltr'><strong>abes</strong></span> <span class='ocrx_word' id='word_1_86' title='bbox 855 2011 1016 2094; x_wconf 77' lang='lat' dir='ltr'><strong>defeoaa</strong></span> <span class='ocrx_word' id='word_1_87' title='bbox 1047 2013 1184 2116; x_wconf 88' lang='lat' dir='ltr'><strong>datur,</strong></span> <span class='ocrx_word' id='word_1_88' title='bbox 1215 2013 1316 2094; x_wconf 82' lang='lat' dir='ltr'><strong>unde</strong></span> <span class='ocrx_word' id='word_1_89' title='bbox 1348 2033 1535 2121; x_wconf 83' lang='lat' dir='ltr'><strong>aggrega·</strong></span> 
     </span>
     <span class='ocr_line' id='line_1_12' title="bbox 128 2137 1532 2248; baseline 0.003 -28"><span class='ocrx_word' id='word_1_90' title='bbox 128 2201 132 2210; x_wconf 89' lang='lat'>.</span> <span class='ocrx_word' id='word_1_91' title='bbox 248 2156 337 2220; x_wconf 92' lang='lat' dir='ltr'><strong>tum</strong></span> <span class='ocrx_word' id='word_1_92' title='bbox 374 2137 481 2244; x_wconf 88' lang='lat' dir='ltr'><strong>hoc,</strong></span> <span class='ocrx_word' id='word_1_93' title='bbox 516 2137 726 2246; x_wconf 85' lang='lat' dir='ltr'><strong>quantitate</strong></span> <span class='ocrx_word' id='word_1_94' title='bbox 746 2139 902 2224; x_wconf 84' lang='lat' dir='ltr'><strong>naturali</strong></span> <span class='ocrx_word' id='word_1_95' title='bbox 921 2137 1074 2244; x_wconf 88' lang='lat' dir='ltr'><strong>minus,</strong></span> <span class='ocrx_word' id='word_1_96' title='bbox 1106 2139 1279 2236; x_wconf 86' lang='lat' dir='ltr'><strong>noneise</strong></span> <span class='ocrx_word' id='word_1_97' title='bbox 1297 2159 1373 2220; x_wconf 94' lang='lat' dir='ltr'><strong>non</strong></span> <span class='ocrx_word' id='word_1_98' title='bbox 1392 2138 1532 2248; x_wconf 82' lang='lat' dir='ltr'><strong>potest.</strong></span> 
     </span>
    </p>
   </div>
   <div class='ocr_carea' id='block_1_3' title="bbox 135 2323 1602 3334">
    <p class='ocr_par' dir='ltr' id='par_1_3' title="bbox 223 2323 1602 2945">
     <span class='ocr_line' id='line_1_13' title="bbox 360 2323 1532 2442; baseline 0.003 -31"><span class='ocrx_word' id='word_1_99' title='bbox 360 2338 363 2346; x_wconf 85' lang='lat'>&#39;</span> <span class='ocrx_word' id='word_1_100' title='bbox 402 2325 448 2442; x_wconf 87' lang='grc'><strong>6)</strong></span> <span class='ocrx_word' id='word_1_101' title='bbox 505 2323 545 2411; x_wconf 92' lang='lat' dir='ltr'><strong>Si</strong></span> <span class='ocrx_word' id='word_1_102' title='bbox 598 2331 675 2414; x_wconf 89' lang='lat' dir='ltr'><strong>iarn</strong></span> <span class='ocrx_word' id='word_1_103' title='bbox 725 2328 983 2438; x_wconf 79' lang='lat' dir='ltr'><strong>supponamus</strong></span> <span class='ocrx_word' id='word_1_104' title='bbox 1031 2329 1227 2412; x_wconf 87' lang='lat' dir='ltr'><strong>remoueri</strong></span> <span class='ocrx_word' id='word_1_105' title='bbox 1276 2351 1415 2439; x_wconf 80' lang='lat' dir='ltr'><strong>corpus</strong></span> <span class='ocrx_word' id='word_1_106' title='bbox 1461 2331 1532 2432; x_wconf 85' lang='lat' dir='ltr'><strong>A,</strong></span> 
     </span>
     <span class='ocr_line' id='line_1_14' title="bbox 223 2453 1532 2566; baseline -0.003 -23"><span class='ocrx_word' id='word_1_107' title='bbox 223 2453 408 2543; x_wconf 82' lang='lat' dir='ltr'><strong>-ceffabit</strong></span> <span class='ocrx_word' id='word_1_108' title='bbox 439 2457 566 2538; x_wconf 83' lang='lat' dir='ltr'><strong>omnis</strong></span> <span class='ocrx_word' id='word_1_109' title='bbox 597 2453 792 2566; x_wconf 80' lang='lat' dir='ltr'><strong>repulsio,</strong></span> <span class='ocrx_word' id='word_1_110' title='bbox 821 2461 922 2540; x_wconf 79' lang='lat' dir='ltr'><strong>ande</strong></span> <span class='ocrx_word' id='word_1_111' title='bbox 955 2455 1113 2541; x_wconf 85' lang='lat' dir='ltr'><strong>fluidum</strong></span> <span class='ocrx_word' id='word_1_112' title='bbox 1156 2453 1378 2538; x_wconf 71' lang='lat' dir='ltr'><strong>electricum</strong></span> <span class='ocrx_word' id='word_1_113' title='bbox 1419 2455 1532 2540; x_wconf 87' lang='lat' dir='ltr'><strong>liber·</strong></span> 
     </span>
     <span class='ocr_line' id='line_1_15' title="bbox 245 2579 1532 2695; baseline -0.001 -26"><span class='ocrx_word' id='word_1_114' title='bbox 245 2599 380 2669; x_wconf 88' lang='lat' dir='ltr'><strong>tate&#39;m</strong></span> <span class='ocrx_word' id='word_1_115' title='bbox 412 2581 527 2670; x_wconf 70' lang='lat' dir='ltr'><strong>rurffis</strong></span> <span class='ocrx_word' id='word_1_116' title='bbox 557 2585 809 2692; x_wconf 80' lang='lat' dir='ltr'><strong>nanciscitur,</strong></span> <span class='ocrx_word' id='word_1_117' title='bbox 840 2586 1042 2695; x_wconf 86' lang='lat' dir='ltr'><strong>aequaliter</strong></span> <span class='ocrx_word' id='word_1_118' title='bbox 1073 2581 1107 2664; x_wconf 88' lang='lat' dir='ltr'><strong>se</strong></span> <span class='ocrx_word' id='word_1_119' title='bbox 1140 2605 1210 2690; x_wconf 90' lang='lat' dir='ltr'><strong>per</strong></span> <span class='ocrx_word' id='word_1_120' title='bbox 1242 2605 1379 2694; x_wconf 85' lang='lat' dir='ltr'><strong>corpus</strong></span> <span class='ocrx_word' id='word_1_121' title='bbox 1407 2579 1444 2664; x_wconf 90' lang='lat' dir='ltr'><strong>B</strong></span> <span class='ocrx_word' id='word_1_122' title='bbox 1475 2583 1532 2668; x_wconf 85' lang='lat' dir='ltr'><strong>di-</strong></span> 
     </span>
     <span class='ocr_line' id='line_1_16' title="bbox 239 2707 1530 2818; baseline -0.005 -18"><span class='ocrx_word' id='word_1_123' title='bbox 239 2713 469 2800; x_wconf 86' lang='lat' dir='ltr'><strong>ssribuendi.</strong></span> <span class='ocrx_word' id='word_1_124' title='bbox 537 2707 638 2798; x_wconf 89' lang='lat' dir='ltr'><strong>Corn</strong></span> <span class='ocrx_word' id='word_1_125' title='bbox 671 2712 787 2818; x_wconf 86' lang='lat' dir='ltr'><strong>igitur</strong></span> <span class='ocrx_word' id='word_1_126' title='bbox 818 2711 896 2794; x_wconf 88' lang='lat' dir='ltr'><strong>iam</strong></span> <span class='ocrx_word' id='word_1_127' title='bbox 930 2711 1037 2794; x_wconf 89' lang='lat' dir='ltr'><strong>fluidi</strong></span> <span class='ocrx_word' id='word_1_128' title='bbox 1069 2709 1241 2792; x_wconf 76' lang='lat' dir='ltr'><strong>eremici</strong></span> <span class='ocrx_word' id='word_1_129' title='bbox 1270 2711 1382 2816; x_wconf 82' lang='lat' dir='ltr'><strong>copia</strong></span> <span class='ocrx_word' id='word_1_130' title='bbox 1419 2729 1530 2795; x_wconf 84' lang='lat' dir='ltr'><strong>natu·</strong></span> 
     </span>
     <span class='ocr_line' id='line_1_17' title="bbox 238 2833 1602 2945; baseline -0.005 -20"><span class='ocrx_word' id='word_1_131' title='bbox 238 2842 332 2925; x_wconf 87' lang='lat' dir='ltr'><strong>ralis</strong></span> <span class='ocrx_word' id='word_1_132' title='bbox 366 2841 408 2925; x_wconf 93' lang='lat' dir='ltr'><strong>in</strong></span> <span class='ocrx_word' id='word_1_133' title='bbox 448 2834 484 2920; x_wconf 90' lang='lat' dir='ltr'>B</span> <span class='ocrx_word' id='word_1_134' title='bbox 521 2837 567 2922; x_wconf 83' lang='lat' dir='ltr'><strong>fit</strong></span> <span class='ocrx_word' id='word_1_135' title='bbox 617 2840 852 2940; x_wconf 87' lang='lat' dir='ltr'><strong>imminuta,</strong></span> <span class='ocrx_word' id='word_1_136' title='bbox 901 2836 997 2921; x_wconf 67' lang='lat' dir='ltr'><strong>faeta</strong></span> <span class='ocrx_word' id='word_1_137' title='bbox 1048 2833 1190 2944; x_wconf 86' lang='lat' dir='ltr'><strong>aequali</strong></span> <span class='ocrx_word' id='word_1_138' title='bbox 1239 2834 1528 2945; x_wconf 85' lang='lat' dir='ltr'><strong>distributione,</strong></span> <span class='ocrx_word' id='word_1_139' title='bbox 1599 2863 1602 2869; x_wconf 74' lang='grc'><strong>’</strong></span> 
     </span>
    </p>

    <p class='ocr_par' dir='ltr' id='par_1_4' title="bbox 135 2965 1531 3334">
     <span class='ocr_line' id='line_1_18' title="bbox 135 2965 1524 3081; baseline -0.006 -26"><span class='ocrx_word' id='word_1_140' title='bbox 135 2998 139 3006; x_wconf 94' lang='grc'><strong><em>·</em></strong></span> <span class='ocrx_word' id='word_1_141' title='bbox 238 2971 403 3081; x_wconf 87' lang='lat' dir='ltr'><strong>quaeuis</strong></span> <span class='ocrx_word' id='word_1_142' title='bbox 434 2968 783 3078; x_wconf 67' lang='lat' dir='ltr'><strong>perminorem,</strong></span> <span class='ocrx_word' id='word_1_143' title='bbox 832 2989 949 3076; x_wconf 87' lang='lat' dir='ltr'><strong>qnam</strong></span> <span class='ocrx_word' id='word_1_144' title='bbox 983 2965 1238 3076; x_wconf 81' lang='lat' dir='ltr'><strong>quantitatem</strong></span> <span class='ocrx_word' id='word_1_145' title='bbox 1282 2965 1524 3071; x_wconf 73' lang='lat' dir='ltr'><strong>normalem,</strong></span> 
     </span>
     <span class='ocr_line' id='line_1_19' title="bbox 236 3088 1531 3205; baseline -0.004 -25"><span class='ocrx_word' id='word_1_146' title='bbox 236 3097 489 3203; x_wconf 85' lang='lat' dir='ltr'><strong>continebit,</strong></span> <span class='ocrx_word' id='word_1_147' title='bbox 519 3119 733 3205; x_wconf 63' lang='lat' dir='ltr'><strong>ac‘cotpus</strong></span> <span class='ocrx_word' id='word_1_148' title='bbox 765 3111 927 3201; x_wconf 87' lang='lat' dir='ltr'><strong>tomm,</strong></span> <span class='ocrx_word' id='word_1_149' title='bbox 980 3093 1020 3175; x_wconf 95' lang='lat' dir='ltr'><strong>in</strong></span> <span class='ocrx_word' id='word_1_150' title='bbox 1055 3092 1192 3190; x_wconf 82' lang='lat' dir='ltr'><strong>statum</strong></span> <span class='ocrx_word' id='word_1_151' title='bbox 1224 3088 1309 3200; x_wconf 76' lang='lat' dir='ltr'><strong>rig.</strong></span> <span class='ocrx_word' id='word_1_152' title='bbox 1349 3111 1394 3193; x_wconf 85' lang='lat'><strong>7.</strong></span> <span class='ocrx_word' id='word_1_153' title='bbox 1429 3107 1531 3175; x_wconf 76' lang='lat' dir='ltr'><strong>tran·</strong></span> 
     </span>
     <span class='ocr_line' id='line_1_20' title="bbox 233 3221 1105 3334; baseline -0.005 -25"><span class='ocrx_word' id='word_1_154' title='bbox 233 3225 359 3334; x_wconf 85' lang='lat' dir='ltr'><strong>fibit,</strong></span> <span class='ocrx_word' id='word_1_155' title='bbox 399 3227 461 3308; x_wconf 84' lang='lat' dir='ltr'><strong>ieu</strong></span> <span class='ocrx_word' id='word_1_156' title='bbox 493 3226 669 3332; x_wconf 83' lang='lat' dir='ltr'><strong>negatiue</strong></span> <span class='ocrx_word' id='word_1_157' title='bbox 699 3221 921 3306; x_wconf 75' lang='lat' dir='ltr'><strong>eietiricum</strong></span> <span class='ocrx_word' id='word_1_158' title='bbox 956 3221 1105 3308; x_wconf 86' lang='lat' dir='ltr'><strong>euadet.</strong></span> 
     </span>
    </p>
   </div>
   <div class='ocr_carea' id='block_1_4' title="bbox 214 3403 1758 4793">
    <p class='ocr_par' dir='ltr' id='par_1_5' title="bbox 214 3403 1758 4793">
     <span class='ocr_line' id='line_1_21' title="bbox 254 3403 1529 3532; baseline -0.021 -10"><span class='ocrx_word' id='word_1_159' title='bbox 254 3525 260 3532; x_wconf 79' lang='grc'><strong>,</strong></span> <span class='ocrx_word' id='word_1_160' title='bbox 404 3427 449 3528; x_wconf 89' lang='lat'><strong>7)</strong></span> <span class='ocrx_word' id='word_1_161' title='bbox 486 3411 818 3528; x_wconf 81' lang='lat' dir='ltr'><strong>Confidcrauimus</strong></span> <span class='ocrx_word' id='word_1_162' title='bbox 836 3413 1029 3518; x_wconf 64' lang='lat' dir='ltr'><strong>¹hactenus</strong></span> <span class='ocrx_word' id='word_1_163' title='bbox 1060 3415 1219 3522; x_wconf 80' lang='lat' dir='ltr'><strong>caiam,</strong></span> <span class='ocrx_word' id='word_1_164' title='bbox 1266 3409 1334 3496; x_wconf 76' lang='lat' dir='ltr'><strong>ubi</strong></span> <span class='ocrx_word' id='word_1_165' title='bbox 1366 3411 1406 3496; x_wconf 93' lang='lat' dir='ltr'><strong>in</strong></span> <span class='ocrx_word' id='word_1_166' title='bbox 1436 3403 1529 3498; x_wconf 59' lang='lat' dir='ltr'><strong>cor-¹</strong></span> 
     </span>
     <span class='ocr_line' id='line_1_22' title="bbox 225 3537 1530 3660; baseline -0.005 -30"><span class='ocrx_word' id='word_1_167' title='bbox 225 3569 338 3660; x_wconf 88' lang='lat' dir='ltr'><strong>pore</strong></span> <span class='ocrx_word' id='word_1_168' title='bbox 375 3545 455 3637; x_wconf 81' lang='lat' dir='ltr'><strong>A,</strong></span> <span class='ocrx_word' id='word_1_169' title='bbox 504 3543 608 3628; x_wconf 90' lang='lat' dir='ltr'><strong>fluidi</strong></span> <span class='ocrx_word' id='word_1_170' title='bbox 628 3543 804 3658; x_wconf 23' lang='lat' dir='ltr'><strong>&#39;eletirici</strong></span> <span class='ocrx_word' id='word_1_171' title='bbox 842 3546 954 3654; x_wconf 88' lang='lat' dir='ltr'><strong>copia</strong></span> <span class='ocrx_word' id='word_1_172' title='bbox 985 3542 1108 3638; x_wconf 62' lang='lat' dir='ltr'><strong>,ultra</strong></span> <span class='ocrx_word' id='word_1_173' title='bbox 1159 3541 1370 3626; x_wconf 81' lang='lat' dir='ltr'><strong>naturalem</strong></span> <span class='ocrx_word' id='word_1_174' title='bbox 1419 3537 1530 3626; x_wconf 73' lang='lat' dir='ltr'><strong>aucta</strong></span> 
     </span>
     <span class='ocr_line' id='line_1_23' title="bbox 225 3667 1530 3788; baseline -0.011 -27"><span class='ocrx_word' id='word_1_175' title='bbox 225 3695 356 3788; x_wconf 67' lang='lat' dir='ltr'><strong>emt,</strong></span> <span class='ocrx_word' id='word_1_176' title='bbox 398 3673 424 3787; x_wconf 77' lang='lat' dir='ltr'><strong>ii</strong></span> <span class='ocrx_word' id='word_1_177' title='bbox 458 3696 555 3766; x_wconf 79' lang='lat' dir='ltr'><strong>vero</strong></span> <span class='ocrx_word' id='word_1_178' title='bbox 589 3671 666 3786; x_wconf 89' lang='lat' dir='ltr'><strong>iam</strong></span> <span class='ocrx_word' id='word_1_179' title='bbox 701 3670 969 3782; x_wconf 87' lang='lat' dir='ltr'><strong>supponamus,</strong></span> <span class='ocrx_word' id='word_1_180' title='bbox 1005 3671 1186 3754; x_wconf 87' lang='lat' dir='ltr'><strong>imminui</strong></span> <span class='ocrx_word' id='word_1_181' title='bbox 1215 3667 1328 3778; x_wconf 74' lang='lat' dir='ltr'><strong>ipsius</strong></span> <span class='ocrx_word' id='word_1_182' title='bbox 1357 3671 1530 3778; x_wconf 89' lang='lat' dir='ltr'><strong>copiam,</strong></span> 
     </span>
     <span class='ocr_line' id='line_1_24' title="bbox 222 3790 1709 3910; baseline -0.013 -20"><span class='ocrx_word' id='word_1_183' title='bbox 222 3807 326 3907; x_wconf 83' lang='lat' dir='ltr'><strong>infra</strong></span> <span class='ocrx_word' id='word_1_184' title='bbox 366 3800 617 3910; x_wconf 80' lang='lat' dir='ltr'><strong>naurraiem,</strong></span> <span class='ocrx_word' id='word_1_185' title='bbox 671 3812 824 3890; x_wconf 82' lang='lat' dir='ltr'><strong>euentus</strong></span> <span class='ocrx_word' id='word_1_186' title='bbox 864 3799 1041 3884; x_wconf 90' lang='lat' dir='ltr'><strong>contrarii</strong></span> <span class='ocrx_word' id='word_1_187' title='bbox 1090 3815 1199 3888; x_wconf 88' lang='lat' dir='ltr'><strong>erunt</strong></span> <span class='ocrx_word' id='word_1_188' title='bbox 1232 3798 1423 3904; x_wconf 88' lang='lat' dir='ltr'><strong>priorum.</strong></span> <span class='ocrx_word' id='word_1_189' title='bbox 1486 3790 1709 3880; x_wconf 73' lang='lat' dir='ltr'><strong>SiTab.V111„</strong></span> 
     </span>
     <span class='ocr_line' id='line_1_25' title="bbox 223 3902 1758 4048; baseline -0.017 -30"><span class='ocrx_word' id='word_1_190' title='bbox 223 3959 389 4042; x_wconf 83' lang='lat' dir='ltr'><strong>nempe</strong></span> <span class='ocrx_word' id='word_1_191' title='bbox 424 3906 595 4048; x_wconf 74' lang='lat' dir='ltr'><strong>primum</strong></span> <span class='ocrx_word' id='word_1_192' title='bbox 630 3945 672 4010; x_wconf 91' lang='lat' dir='ltr'><strong>et</strong></span> <span class='ocrx_word' id='word_1_193' title='bbox 705 3951 842 4034; x_wconf 86' lang='lat' dir='ltr'><strong>corpus</strong></span> <span class='ocrx_word' id='word_1_194' title='bbox 882 3933 952 4032; x_wconf 85' lang='lat' dir='ltr'><strong>A,</strong></span> <span class='ocrx_word' id='word_1_195' title='bbox 984 3942 1024 4008; x_wconf 91' lang='lat' dir='ltr'><strong>et</strong></span> <span class='ocrx_word' id='word_1_196' title='bbox 1064 3949 1203 4033; x_wconf 84' lang='lat' dir='ltr'><strong>corpus</strong></span> <span class='ocrx_word' id='word_1_197' title='bbox 1235 3919 1306 4034; x_wconf 92' lang='lat' dir='ltr'><strong>B,</strong></span> <span class='ocrx_word' id='word_1_198' title='bbox 1359 3921 1398 4008; x_wconf 92' lang='lat' dir='ltr'><strong>in</strong></span> <span class='ocrx_word' id='word_1_199' title='bbox 1431 3920 1524 4048; x_wconf 79' lang='lat' dir='ltr'><strong>statu</strong></span> <span class='ocrx_word' id='word_1_200' title='bbox 1549 3902 1624 4004; x_wconf 59' lang='grc' dir='ltr'><strong>ΠΒ·</strong></span> <span class='ocrx_word' id='word_1_201' title='bbox 1653 3931 1690 3993; x_wconf 70' lang='lat' dir='ltr'><strong>a»</strong></span> <span class='ocrx_word' id='word_1_202' title='bbox 1752 3905 1758 3916; x_wconf 88' lang='grc'><strong>’</strong></span> 
     </span>
     <span class='ocr_line' id='line_1_26' title="bbox 222 4049 1529 4168; baseline -0.013 -21"><span class='ocrx_word' id='word_1_203' title='bbox 222 4061 409 4147; x_wconf 89' lang='lat' dir='ltr'><strong>naturali</strong></span> <span class='ocrx_word' id='word_1_204' title='bbox 449 4063 732 4167; x_wconf 84' lang='lat' dir='ltr'><strong>supponuntur,</strong></span> <span class='ocrx_word' id='word_1_205' title='bbox 786 4056 1044 4156; x_wconf 74' lang='lat' dir='ltr'><strong>attractionis,</strong></span> <span class='ocrx_word' id='word_1_206' title='bbox 1088 4077 1202 4162; x_wconf 88' lang='lat' dir='ltr'><strong>quam</strong></span> <span class='ocrx_word' id='word_1_207' title='bbox 1243 4073 1380 4168; x_wconf 78' lang='lat' dir='ltr'><strong>corpus</strong></span> <span class='ocrx_word' id='word_1_208' title='bbox 1411 4051 1449 4134; x_wconf 88' lang='lat' dir='ltr'><strong>A</strong></span> <span class='ocrx_word' id='word_1_209' title='bbox 1486 4049 1529 4132; x_wconf 92' lang='lat' dir='ltr'><strong>in</strong></span> 
     </span>
     <span class='ocr_line' id='line_1_27' title="bbox 223 4169 1524 4295; baseline -0.015 -19"><span class='ocrx_word' id='word_1_210' title='bbox 223 4191 410 4295; x_wconf 85' lang='lat' dir='ltr'><strong>fluidum</strong></span> <span class='ocrx_word' id='word_1_211' title='bbox 442 4185 669 4289; x_wconf 66' lang='lat' dir='ltr'><strong>electricurn</strong></span> <span class='ocrx_word' id='word_1_212' title='bbox 703 4181 742 4268; x_wconf 94' lang='lat' dir='ltr'><strong>in</strong></span> <span class='ocrx_word' id='word_1_213' title='bbox 775 4176 811 4264; x_wconf 96' lang='lat' dir='ltr'>B</span> <span class='ocrx_word' id='word_1_214' title='bbox 844 4201 1067 4268; x_wconf 86' lang='lat' dir='ltr'><strong>contentum</strong></span> <span class='ocrx_word' id='word_1_215' title='bbox 1106 4198 1292 4284; x_wconf 84' lang='lat' dir='ltr'><strong>exercet,</strong></span> <span class='ocrx_word' id='word_1_216' title='bbox 1344 4169 1524 4284; x_wconf 71' lang='lat' dir='ltr'><strong>effectus,</strong></span> 
     </span>
     <span class='ocr_line' id='line_1_28' title="bbox 218 4292 1527 4438; baseline -0.012 -35"><span class='ocrx_word' id='word_1_217' title='bbox 218 4313 563 4438; x_wconf 73' lang='lat' dir='ltr'><strong>a-repolfione,</strong></span> <span class='ocrx_word' id='word_1_218' title='bbox 613 4335 687 4422; x_wconf 76' lang='lat' dir='ltr'><strong>qua</strong></span> <span class='ocrx_word' id='word_1_219' title='bbox 739 4313 896 4395; x_wconf 86' lang='lat' dir='ltr'><strong>materia</strong></span> <span class='ocrx_word' id='word_1_220' title='bbox 944 4307 1118 4392; x_wconf 73' lang='lat' dir='ltr'><strong>eleiirira</strong></span> <span class='ocrx_word' id='word_1_221' title='bbox 1173 4305 1215 4386; x_wconf 93' lang='lat' dir='ltr'><strong>in</strong></span> <span class='ocrx_word' id='word_1_222' title='bbox 1275 4309 1313 4392; x_wconf 87' lang='lat' dir='ltr'><strong>A</strong></span> <span class='ocrx_word' id='word_1_223' title='bbox 1368 4292 1527 4408; x_wconf 73' lang='lat' dir='ltr'><strong>conten·</strong></span> 
     </span>
     <span class='ocr_line' id='line_1_29' title="bbox 215 4413 1524 4558; baseline -0.015 -26"><span class='ocrx_word' id='word_1_224' title='bbox 215 4466 301 4552; x_wconf 83' lang='lat' dir='ltr'><strong>ta,</strong></span> <span class='ocrx_word' id='word_1_225' title='bbox 342 4445 392 4530; x_wconf 92' lang='lat' dir='ltr'><strong>in</strong></span> <span class='ocrx_word' id='word_1_226' title='bbox 426 4467 536 4553; x_wconf 86' lang='lat' dir='ltr'><strong>cam,</strong></span> <span class='ocrx_word' id='word_1_227' title='bbox 586 4440 755 4549; x_wconf 83' lang='lat' dir='ltr'><strong>quaein</strong></span> <span class='ocrx_word' id='word_1_228' title='bbox 791 4435 826 4521; x_wconf 92' lang='lat' dir='ltr'>B</span> <span class='ocrx_word' id='word_1_229' title='bbox 858 4441 1104 4540; x_wconf 80' lang='lat' dir='ltr'><strong>cominatur,</strong></span> <span class='ocrx_word' id='word_1_230' title='bbox 1155 4435 1262 4540; x_wconf 83' lang='lat' dir='ltr'><strong>agit,</strong></span> <span class='ocrx_word' id='word_1_231' title='bbox 1303 4413 1524 4558; x_wconf 45' lang='lat' dir='ltr'><strong>,destmituss</strong></span> 
     </span>
     <span class='ocr_line' id='line_1_30' title="bbox 214 4544 1558 4768; baseline -0.019 -101"><span class='ocrx_word' id='word_1_232' title='bbox 214 4572 401 4667; x_wconf 81' lang='lat' dir='ltr'><strong>Sublata</strong></span> <span class='ocrx_word' id='word_1_233' title='bbox 433 4590 561 4660; x_wconf 83' lang='lat' dir='ltr'><strong>autern</strong></span> <span class='ocrx_word' id='word_1_234' title='bbox 593 4566 807 4684; x_wconf 79' lang='lat' dir='ltr'><strong>quantitatis</strong></span> <span class='ocrx_word' id='word_1_235' title='bbox 834 4565 942 4691; x_wconf 75' lang='lat' dir='ltr'><strong>fluidi</strong></span> <span class='ocrx_word' id='word_1_236' title='bbox 971 4561 1136 4681; x_wconf 68' lang='lat' dir='ltr'><strong>electrici</strong></span> <span class='ocrx_word' id='word_1_237' title='bbox 1169 4561 1294 4672; x_wconf 87' lang='lat' dir='ltr'><strong>aliqua</strong></span> <span class='ocrx_word' id='word_1_238' title='bbox 1327 4544 1444 4674; x_wconf 83' lang='lat' dir='ltr'><strong>parte&#39;</strong></span> <span class='ocrx_word' id='word_1_239' title='bbox 1463 4567 1558 4768; x_wconf 60' lang='lat' dir='ltr'><strong>serr·</strong></span> 
     </span>
     <span class='ocr_line' id='line_1_31' title="bbox 392 4692 1524 4793; baseline -0.018 -5"><span class='ocrx_word' id='word_1_240' title='bbox 392 4747 398 4754; x_wconf 94' lang='lat'><em>·</em></span> <span class='ocrx_word' id='word_1_241' title='bbox 851 4703 856 4714; x_wconf 85' lang='lat'>&#39;</span> <span class='ocrx_word' id='word_1_242' title='bbox 894 4721 897 4728; x_wconf 89' lang='lat'>·</span> <span class='ocrx_word' id='word_1_243' title='bbox 1388 4692 1446 4793; x_wconf 78' lang='lat' dir='ltr'><strong>A,</strong></span> <span class='ocrx_word' id='word_1_244' title='bbox 1476 4706 1524 4770; x_wconf 88' lang='lat' dir='ltr'><strong>eu</strong></span> 
     </span>
    </p>
   </div>
   <div class='ocr_carea' id='block_1_5' title="bbox 0 0 2296 5909">
    <p class='ocr_par' dir='ltr' id='par_1_6' title="bbox 0 0 2296 5909">
     <span class='ocr_line' id='line_1_32' title="bbox 0 0 2296 5909; baseline 0 4"><span class='ocrx_word' id='word_1_245' title='bbox 0 0 2296 5909; x_wconf 95' lang='lat' dir='ltr'><strong> </strong></span> 
     </span>
    </p>
   </div>
  </div>
 </body>
</html>
