4584 5909
556 615 1201 714 DESCRrPTua
1417 646 1504 732 ms

323 862 328 870 ·
398 839 510 930 Licet
540 845 727 960 acetabula
763 850 962 956 organicae
1000 827 1112 936 ualde
1158 850 1232 934 fint
1281 849 1511 959 stntd'tutae,

250 996 337 1060 cum
369 974 540 1082 torporis
566 975 805 1058 incremento
835 995 962 1058 tamen
994 977 1125 1084 augeri
1149 1002 1346 1082 numero,
1377 982 1509 1089 pedes·
1646 1075 1653 1082 ,

250 1124 355 1214 que,
389 1099 540 1210 Polypis
572 1099 800 1206 mutilatus,
832 1101 1111 1210 redintegrari,
1140 1093 1383 1212 meumque
1423 1127 1510 1212 pat·

251 1245 334 1312 tem
368 1219 476 1310 nouis
505 1224 630 1312 instrui
663 1227 887 1331 acetabulis,
920 1232 1003 1338 quis
1018 1225 1263 1315 credidisset?
1294 1227 1512 1336 Vtrumque

249 1369 393 1438 tamen·
411 1352 672 1436 demonstrant
702 1352 780 1436 duo
810 1352 937 1459 baec,
966 1356 1065 1440 inter
1095 1356 1283 1440 secoliata
1307 1354 1514 1440 indiuidua.

251 1475 321 1563 De
354 1479 419 1562 ilio
450 1503 498 1562 rte
529 1485 743 1588 cogitarunt
771 1481 929 1592 quidem
965 1482 1140 1588 Phyfici,
1169 1481 1277 1566 buius
1300 1479 1516 1569 solummo-

252 1607 308 1692 do
336 1605 572 1690 mentionem
604 1605 772 1688 secetunt
806 1605 1019 1718 Aristoteles
1049 1628 1091 1694 et
1122 1609 1261 1696 Plinius
1291 1617 1389 1714 (a),
1418 1631 1514 1690 num

253 1756 352 1818 vero
386 1735 541 1840 propria
572 1732 608 1815 id
651 1729 926 1818 affirmauerint
966 1737 1229 1844 experientia,
1268 1759 1320 1822 att
1350 1735 1515 1820 relatum

254 1859 342 1971 rpus
374 1857 483 1956 suerit
514 1858 562 1944 ab
593 1857 701 1961 aliis,
731 1862 918 1945 incertum
951 1861 1007 1946 est·
1024 1858 1041 1948 3
1511 1968 1515 1977 Ι

215 2079 219 2086 ,
292 2087 297 2094 0
394 1986 498 2070 Prius
526 1982 749 2068 sufficienter
799 1988 933 2096 probat
979 1985 1260 2074 acetabululum
1303 2009 1519 2088 numeru,

255 2113 295 2196 in
336 2111 483 2220 Poiypo
526 2113 662 2196 maiori
712 2113 828 2221 longe
877 2115 1030 2224 maior,
1062 2117 1143 2232 pin·
1168 2115 1318 2202 minore
1367 2117 1514 2200 minor.

252 2237 488 2326 Differentia·
512 2236 606 2324 haec
639 2241 874 2324 accidentalis
904 2247 978 2328 effe
1010 2245 1174 2355 nequit,
1206 2267 1297 2326 cnm
1332 2246 1522 2348 incutere·-

254 2367 337 2473 tis,
367 2367 427 2476 qui
460 2363 530 2447 hos
562 2369 819 2474 magnitudine
851 2365 1099 2478 superabant,
1132 2388 1182 2453 eo
1212 2369 1400 2454 maiorem
1420 2365 1519 2450 sem-

253 2519 326 2606 per
344 2493 636 2576 'acetabulorum
668 2519 872 2578 numerum
906 2495 1263 2606 deprehenderim,
1310 2517 1388 2605 quo
1436 2493 1520 2604 quis

255 2621 381 2708 maior
412 2617 530 2702 altero
558 2641 652 2703 etat.
715 2609 819 2724 A'st,
852 2645 900 2704 ne
932 2623 1013 2731 quis
1044 2642 1245 2706 extremos
1275 2623 1419 2730 pedum
1433 2617 1520 2730 api·

253 2770 321 2831 ces
351 2746 391 2828 in
426 2747 590 2846 minimo
619 2745 766 2856 Po'iypo
798 2746 860 2830 vel
891 2747 1114 2852 mutilatus,
1146 2747 1389 2856 uel'extima
1427 2770 1521 2829 ace-

255 2871 382 2959 tabula
415 2883 496 2956 tum
527 2873 659 2983 exigua
689 2874 802 2980 suiise,
838 2875 1068 2982 suspicetur,
1100 2893 1145 2958 vt
1162 2870 1362 2958 oculorum
1393 2873 1526 2990 aciem·

257 2997 496 3110 effugerint,
524 3001 792 3106 monendum,
820 3001 924 3110 quod
955 3021 995 3082 et
1023 2999 1132 3084 huius
1171 2999 1284 3112 pedes
1323 3021 1401 3081 non
1441 2996 1522 3112 mi·-

254 3151 397 3212 nusae
430 3127 583 3210 maioris
615 3130 809 3235 integros,
851 3146 889 3209 et
924 3127 1145 3228 acetabula,
1198 3129 1244 3214 ad
1296 3137 1520 3210 extremum

258 3279 407 3364 usque,
441 3279 557 3364 aeque
589 3278 633 3335 ac
666 3255 791 3354 iilius,
821 3237 993 3338 disiind'te
1026 3257 1204 3338 viderim.

410 3380 528 3498 Quod
562 3381 608 3464 ad
640 3380 823 3491 posterius
853 3383 1021 3484 attinet,
1053 3379 1190 3488 Poiypi
1224 3377 1376 3462 minimi
1414 3363 1519 3490 pes*
1538 3372 1732 3479 ‘Fiet-b·

256 3506 438 3614 craffiur,
482 3509 645 3610 dexter,
695 3507 786 3618 pedi
822 3509 1016 3610 tenuiori,
1062 3506 1233 3590 frontem
1276 3492 1519 3615 respicienti,
1565 3478 1665 3568 Η·
1736 3515 1741 3524 “

255 3637 400 3720 dextro
438 3637 677 3741 contignus,
746 3633 860 3717 nobit
908 3631 953 3717 stt
1002 3634 1227 3742 exemplo,
1272 3635 1412 3742 quippe
1455 3632 1521 3741 qui

257 3780 453 3848 truncatus
485 3761 612 3863 oiim,
641 3762 833 3860 temporis
862 3761 1017 3842 successu
1048 3785 1188 3842 nouam
1221 3759 1400 3869 protrusit
1428 3781 1521 3867 pot·

257 3893 409 3976 tionem
442 3879 495 3989 ii,
529 3883 614 3990 9¹⁰
646 3889 832 3996 longam,
862 3911 956 3995 quae
983 3885 1183 3970 acetabulis
1207 3885 1346 3994 viginti
1377 3883 1522 3992 septem
1543 3891 1643 3998 Τις.
1665 3917 1736 3972 ne·

257 4016 333 4104 suit
363 4015 568 4112 insitusia,
601 4037 641 4098 et
672 4040 693 4096 a
727 4011 831 4116 bttst,
871 4009 950 4096 rss‘
979 4014 1086 4114 itta,
1136 4011 1293 4097 craffitie
1337 4012 1524 4123 paulatim
1568 4019 1606 4071 ²·
1631 4001 1655 4074 ἕ·

257 4145 509 4252 decrescens,
541 4145 581 4226 in
612 4163 770 4228 tenuem
804 4140 916 4226 valde
948 4142 1098 4250 apicem
1127 4137 1233 4224 abiit.

1217 4353 1221 4362 -
1347 4267 1541 4376 Eundem

305 4479 1533 4522 .-----———-——----—--—-·‘

263 4510 1533 4700 pmfflmmmmemmnmupm

334 4685 417 4759 edit.
444 4673 533 4750 rans.
559 4695 621 4772 4to
647 4674 712 4746 Au.
735 4667 854 4762 MDC.
869 4665 1047 4744 LXXXV.
