4584 5909
766 673 855 758 sn
1027 643 1793 784 naennrunurr

761 887 1015 1006 propulsum,
1064 911 1106 972 ac
1148 885 1286 970 cedere
1325 883 1521 973 nescium,
1568 881 1869 990 comprimetur.
1898 982 1903 988 A
1930 872 2042 964 Circa

763 1021 824 1106 ab
862 1021 989 1128 itaque
1023 1017 1129 1100 fluidi
1156 1014 1323 1098 eseetrici
1355 1015 1468 1120 copia
1501 1011 1717 1116 imminui,
1746 1032 1846 1090 circa
1878 1008 1938 1092 cd
1974 1033 2042 1090 re·
2104 1041 2108 1048 ¹

763 1173 810 1231 ro
841 1149 966 1256 augeri
996 1147 1142 1252 debet,
1173 1143 1277 1225 inde
1307 1163 1444 1247 corpus
1472 1135 1540 1237 B,
1574 1161 1699 1232 eum,
1751 1162 1868 1244 quem
1921 1135 2037 1219 cxlii·
2176 1132 2177 1147 '

764 1275 831 1359 bet
863 1275 945 1382 Fig.
980 1295 1022 1374 5.
1076 1272 1210 1352 slatum
1244 1265 1427 1350 assumere
1455 1267 1600 1371 debet,
1650 1266 1678 1347 i.
1707 1291 1744 1347 e.
1784 1265 1884 1345 inter
1917 1265 1981 1348 ab
2004 1285 2043 1349 et
2176 1244 2177 1291 ¹

767 1403 910 1486 lineam
946 1395 1135 1510 quandam
1169 1395 1224 1510 es
1248 1394 1410 1478 fluidum
1443 1393 1664 1477 eseslticum
1698 1393 1916 1496 minorem,
1949 1395 2045 1477 inter
2176 1474 2177 1483 Ν

648 1565 660 1586 ·
767 1529 825 1642 ef
849 1551 944 1610 uero
976 1546 1015 1610 et
1047 1523 1105 1608 cd
1141 1526 1334 1606 maiorem
1384 1522 1576 1629 acquirere
1623 1521 1736 1602 debet
1783 1519 2042 1624 densitatem,
2176 1588 2177 1591 t

772 1679 886 1768 quam
918 1655 959 1736 iri
993 1655 1086 1737 statu
1121 1650 1305 1757 naturali,
1337 1651 1407 1731 vbi
1437 1649 1641 1757 aequaliter
1669 1647 1792 1731 adhuc
1825 1667 2040 1756 pestutum
2176 1636 2178 1689 ³

776 1807 915 1894 corpus
946 1779 1137 1863 dislribiita
1177 1799 1287 1881 erat,
1337 1775 1530 1858 habuerat.
1564 1771 1633 1887 (c)
2066 1774 2071 1781 ’
2176 1760 2177 1823 3

926 1920 969 2011 5)
1016 1903 1057 1991 Si
1090 1908 1169 1989 inm
1204 1902 1413 2012 superficies
1441 1903 1546 1986 cisa
1580 1927 1742 2012 corpore
1769 1901 1937 2011 quodam
1965 1927 2063 2002 non,
2176 1968 2177 1989 t

768 2035 953 2122 eles'trico
986 2037 1250 2141 contingatur,
1283 2049 1347 2114 aut
1364 2032 1466 2140 quod
1486 2031 1624 2112 endem
1645 2032 1804 2128 recidit,
1839 2055 1904 2112 aer
1924 2031 2041 2139 ipsam
2176 2058 2177 2073 ¹

769 2167 992 2273 contingens
1031 2180 1303 2265 remoueatur,
1351 2178 1515 2266 iitroque
1553 2157 1660 2259 casii,
1709 2161 1868 2241 materia
1901 2159 2044 2242 elesiti·

768 2319 813 2378 ca
847 2295 885 2374 in
917 2309 1023 2401 parte
1056 2287 1168 2402 escd
1194 2285 1461 2390 accumulata,
1511 2284 1546 2367 se
1576 2286 1641 2366 v'el
1661 2285 1710 2366 in
1758 2309 1898 2394 corpus
1944 2311 2041 2369 con-

772 2419 945 2534 tingens,
978 2416 1041 2504 vel
1073 2437 1143 2534 per
1178 2437 1370 2516 uacuum,
1403 2415 1442 2498 in
1475 2411 1657 2526 proxima
1688 2437 1850 2526 corpora
1881 2437 1960 2497 nou
1977 2439 2042 2524 pti

2009 2542 2043 2626 se

771 2742 827 2848 (ς)
852 2743 884 2813 Si
912 2767 978 2814 ieui
1004 2746 1137 2814 eradius
1162 2744 1409 2826 consideremus,
1437 2741 1525 2813 facile
1549 2747 1756 2836 concipimus,
1782 2740 1961 2812 densitatem
1973 2743 2043 2810 flui-

846 2841 879 2912 ill
912 2842 1041 2914 elesliici
1067 2847 1247 2939 incorpore
1272 2837 1466 2912 Brontenti
1500 2845 1570 2912 snrc
1606 2845 1807 2926 difformem‚
1847 2845 1914 2924 ita,
1950 2861 1985 2908 vt
2019 2842 2040 2909 si

593 2921 775 3002 Tab·Vffl·
848 2941 928 3012 resia
951 2945 998 3013 liri
1018 2945 1177 3013 crassitiem
1211 2945 1347 3036 corporis
1378 2937 1408 3012 B
1443 2938 1673 3036 repraesentes,
1710 2968 1742 3012 ac
1778 2939 2043 3035 huicapplicentur

606 3023 681 3126 ΠΒ·
709 3055 764 3120 ¹4·
847 3045 878 3111 in
901 3045 1014 3138 quouis
1039 3042 1151 3138 pundlo
1177 3043 1440 3122 rordinataers,
1464 3043 1678 3127 disserendae,
1702 3067 1781 3142 qnae
1796 3039 2045 3110 interceditintet

798 3179 801 3186 ·
845 3141 1046 3218 densitatem,
1069 3165 1164 3239 quain
1177 3140 1266 3211 habet
1280 3145 1310 3210 iii
1324 3163 1365 3210 eo
1376 3144 1509 3235 corporis
1537 3141 1608 3211 loco
1624 3148 1672 3214 ciii
1683 3144 1829 3241 puiislum
1845 3136 2046 3235 rrespondet,

844 3246 973 3314 materia
987 3241 1134 3322 eltdlrica,
1158 3263 1191 3310 ac
1206 3241 1387 3312 densitatem
1404 3240 1586 3319 naturalem,
1599 3240 1859 3342 proportionales,
1876 3237 2045 3312 radentibus

846 3339 991 3412 ordinatis
1018 3341 1168 3436 negatinis
1193 3340 1297 3411 versus
1322 3343 1479 3430 suillum,
1495 3344 1632 3434 positiuis
1666 3342 1768 3413 versus
1794 3340 1968 3428 dextram,
1994 3341 2045 3409 snt
2176 3404 2177 3431 ,

847 3443 956 3538 punsla
983 3445 1085 3510 omnia
1109 3465 1123 3510 s
1151 3441 1180 3507 in
1207 3465 1297 3510 curua
1322 3440 1451 3538 quadem
1474 3444 1589 3532 pesp,
1609 3445 1723 3514 restam
1747 3443 1793 3512 ia
1816 3439 1925 3510 alinibi
1945 3463 1983 3509 ut
1997 3441 2023 3506 in
2028 3441 2051 3518 f

849 3541 1056 3620 intersecante,
1067 3563 1167 3636 eaque
1193 3545 1381 3637 proprietate
1405 3539 1538 3621 donata,
1564 3563 1601 3610 vt
1626 3548 1663 3614 sit
1691 3541 1820 3634 spatium
1840 3545 1909 3631 sqs
1927 3536 2059 3636 aequale

850 3642 950 3738 {pario
969 3647 1063 3731 stip.
1114 3637 1260 3712 Naturam
1288 3642 1374 3712 liuius
1397 3662 1506 3711 cumae
1527 3641 1670 3714 hedenus
1695 3643 1900 3716 determinate
1924 3663 1989 3710 nori
2015 3637 2048 3707 ss·

853 3763 902 3814 tet
927 3741 1109 3835 specialius,
1137 3762 1188 3809 ricc
1214 3741 1341 3825 licebit,
1367 3743 1417 3809 nisi
1447 3761 1507 3810 tam
1532 3739 1630 3812 felices
1655 3747 1715 3815 sint
1739 3739 1904 3840 aliquando
1930 3759 2047 3811 naturae

853 3843 1063 3926 scrutatores,
1089 3859 1126 3909 vt
1155 3841 1280 3937 legem,
1318 3841 1482 3912 secundum
1507 3824 1599 3941 quam
1640 3844 1770 3914 crescunt
1810 3867 1843 3915 ac
1881 3838 2049 3912 decrescunt

850 3943 1034 4037 repulsnnes
1060 3961 1092 4009 et
1118 3944 1313 4013 attendisses
1332 3942 1510 4022 esurisse,
1540 3939 1701 4038 detegant.
1750 3939 1788 4013 ld
1816 3945 1943 4014 interim
1969 3938 2046 4012 sicile

850 4063 958 4136 patet,
984 4065 1048 4138 quo
1075 4042 1175 4108 maior
1200 4043 1237 4114 fit
1262 4045 1412 4112 intenfitas
1438 4039 1639 4137 repulsionis,
1663 4067 1703 4114 eo
1730 4053 1829 4139 magis
1865 4044 1959 4116 simul
1987 4064 2047 4114 cre·

853 4143 931 4210 scere
957 4140 1169 4210 ordinatarum
1197 4142 1466 4237 magnitudinem,
1504 4143 1715 4241 parisiumque
1740 4143 1958 4216 intersedionis
1982 4161 2048 4239 pro·

849 4241 1028 4336 pl⁰⁵.s‚d..s
1054 4237 1205 4311 accedere.
1253 4239 1316 4312 sed
1342 4239 1590 4339 inquisitionibus
1613 4239 1818 4329 huiusmodi,
1840 4265 1914 4315 cum
1940 4246 1971 4309 sn
1996 4240 2044 4309 liic

848 4342 944 4406 noslra
972 4339 1187 4436 disquisitione
1211 4365 1320 4438 parum
1350 4346 1490 4436 prostare
1519 4363 1633 4438 queant
1670 4341 1834 4428 utilitatis,
1873 4344 2047 4412 immorati.

736 4465 747 4509 x
852 4433 1028 4508 consultum
1056 4438 1234 4510 conduco.
1284 4439 1423 4525 Sufficit,
1449 4439 1583 4512 breuiter
1606 4441 1683 4514 haee
1709 4446 1879 4524 monuisse,
1906 4441 2049 4542 smulque

688 4629 690 4636 γ
809 4607 817 4616 ,
852 4540 886 4608 sn
913 4541 972 4629 iis,
998 4559 1073 4634 quae
1100 4530 1177 4628 hic,
1204 4564 1235 4610 ac
1260 4544 1288 4610 in
1314 4539 1513 4643 sequentibus
1540 4541 1732 4635 protuli,nic
1758 4543 2048 4636 summamacgtn-
2176 4570 2177 4587 i

853 4637 1010 4704 metricam
1042 4635 1313 4727 erassitudinem,
1348 4640 1528 4740 proutihir
1552 4640 1720 4738 inutilem,
1757 4666 1820 4721 nun
1859 4637 2046 4745 quaesiuisle.

696 4755 700 4762 '
828 4731 1015 4835 ,kdoribus
1040 4736 1188 4810 ordinasse.
