4584 5909
739 662 810 765 aa·
985 634 1783 747 urrunnun-curtracum

737 884 1075 1003 transcendentium
1107 884 1255 993 inligne·
1289 884 1425 981 lumen
1470 886 1771 989 accenderetur,
1819 883 1845 970 li
1894 884 2028 971 modo·

737 1041 834 1121 ura,
867 1041 940 1123 qua
973 1018 1177 1131 l'agnarars.
1201 1014 1259 1097 est.
1287 998 1368 1111 rsus
1389 1079 1410 1122 „
1442 1035 1593 1098 certam
1618 1014 1853 1097 methodum·
1882 1013 2025 1122 sappes
2120 1038 2123 1045 ·

735 1145 875 1251 ditaret
905 1147 951 1227 in.
995 1144 1212 1227 huiusmodi
1252 1144 1617 1253 -inuestigatioaibus-
1654 1142 1817 1225 alterius·
1858 1167 2046 1253 progre--1

736 1274 897 1383 diendi3
948 1274 1015 1358 sed.
1056 1274 1150 1376 quia.
1177 1292 1264 1353 tota.
1292 1272 1615 1357 substitutionibus·
1638 1273 1813 1380 precario
1845 1270 1960 1355 fastis
1981 1288 2056 1355 et?
2105 1288 2110 1301 ·

587 1408 597 1417 ‘
736 1404 835 1512 quasi
866 1385 952 1485 casu.
977 1400 1144 1484 fortuito-
1165 1396 1352 1483 adhibitis·
1373 1403 1537 1502 nititur,
1589 1424 1733 1509 parum
1760 1402 1847 1484 inde
1880 1398 2032 1483 utilita-

736 1529 785 1622 tis
818 1532 857 1611 in
890 1526 1070 1635 Analysm
1103 1530 1299 1613 redundata
1381 1530 1541 1617 Deinde
1567 1528 1645 1614 iarn
1667 1531 1812 1619 ¹notaui
1853 1529 2030 1638 integra·-

658 1719 660 1722 -
736 1658 902 1762 tiones,
929 1682 1025 1767 quas·
1045 1662 1225 1765 operatio
1254 1656 1489 1766 Fagnaniana
1519 1658 1792 1765 complectitur
1811 1721 1836 1767 „2
1874 1677 2031 1741 tantuma

736 1785 807 1870 effe
841 1785 1114 1896 particulares,
1165 1810 1293 1896 neque·
1321 1788 1473 1870 idcirco·
1493 1785 1733 1869 methodum
1775 1804 1919 1869 certam
1940 1850 1964 1890 ,.
1999 1808 2032 1869 ai
2106 1795 2111 1806 '

735 1940 809 2025 qua
841 1917 949 2021 plura
976 1914 1177 2023 expectari-
1203 1914 1345 2022 liceat,
1377 1914 1624 2023 suppeditare
1693 1910 1868 1997 Interim»
1889 1934 2032 1997 tament

735 2068 781 2124 ea
812 2041 1094 2152 amplilsrmum
1135 2068 1326 2151 campum·
1367 2041 1548 2152 aperuisse
1584 2036 1650 2123 'est'
1698 2044 1807 2147 visa,
1857 2042 1898 2125 in
1934 2064 2034 2152 qum

735 2169 891 2253 arterias
922 2170 1133 2253 excolendo
1174 2166 1420 2259 Geometrae·
1459 2172 1571 2253 vires·
1606 2172 1694 2255 luas
1725 2174 1891 2254 lumino*
1928 2196 2032 2257 cum:

735 2296 860 2383 fructu
893 2320 1126 2401 exerceant,
1156 2301 1211 2382 ad.
1236 2286 1388 2407 insigne.
1411 2288 1621 2403 naalyaos
1657 2302 1968 2383 incrementum..

745 2468 750 2476 ¹
883 2428 963 2511 Res
995 2448 1121 2509 autem
1156 2426 1236 2509 huc·
1261 2430 1373 2531 redit,
1404 2452 1460 2508 vt·
1482 2425 1696 2535 propositis·
1714 2427 2045 2527 duabusffamua,

734 2550 780 2633 lis
811 2550 1053 2662 integralibus
1086 2549 1249 2654 [de
1285 2576 1332 2637 et·
1356 2548 1544 2662 dey,
1584 2578 1673 2639 non
1715 2558 2037 2665 integrabilrbm,
2165 2566 2170 2578 '

733 2679 801 2760 vbi
854 2685 895 2760 X
943 2682 987 2761 lit
1037 2682 1183 2763 fundlio
1228 2686 1428 2789 quaepiam
1463 2684 1575 2789 ipsius
1606 2706 1654 2781 a,
1689 2704 1727 2765 et
1761 2682 1802 2765 Y
1834 2688 2040 2795 ipsiusy„

734 2809 926 2888 eiusmodi
962 2806 1099 2888 relatio
1129 2810 1238 2888 inter·
1260 2808 1454 2887 variabiles
1486 2830 1515 2889 x
1546 2826 1585 2887 et
1600 2834 1647 2913 y‘
1688 2808 1891 2896 deliniatur
1910 2877 1939 2918 ,..
1977 2830 2041 2895 vt.

734 2934 821 3018 illae
855 2934 1038 3015 fornrralae
1073 2936 1135 3016 iel
1166 2936 1265 3015 inter
1294 2934 1327 3016 se
1380 2933 1474 3033 fiant
1523 2937 1722 3045 aequales,
1774 2941 1838 3022 vel
1886 2934 2038 3025 datam·

733 3068 925 3145 rationem
960 3084 1135 3169 teneant,
1165 3064 1227 3145 uel
1264 3082 1308 3145 vt
1339 3062 1590 3146 differentiam
1626 3064 1830 3174 algebraite
1862 3068 2047 3177 allignam

734 3194 857 3274 bilem
889 3193 1099 3274 obtineant.
1166 3193 1278 3305 Qiae·
1307 3194 1539 3300 inuestigatio
1572 3216 1660 3273 curn
1689 3191 1857 3276 latillrme
1876 3212 2049 3304 pateat„

642 3347 647 3359 ·
735 3339 819 3403 tum
855 3323 970 3401 etiam
1006 3321 1164 3429 insignes
1198 3324 1236 3401 ia
1277 3319 1312 3401 ie
1363 3324 1535 3402 continet
1583 3320 1692 3403 casus·
1730 3322 1809 3403 iam
1864 3324 2067 3430 pridem*

735 3474 815 3529 non
847 3449 924 3531 fine
957 3442 1144 3532 maximo
1170 3447 1385 3552 Analyseos'·
1409 3448 1645 3530 incremento
1686 3449 1857 3531 euolatos
1876 3476 1900 3557 3.
1942 3450 2046 3534 nuc:

615 3637 619 3644 .
734 3580 841 3656 enim
875 3577 1069 3659 referenda
1093 3576 1193 3675 sant,
1225 3576 1399 3686 quaeda
1430 3578 1728 3685 comparatione·
1751 3601 1905 3659 arcuum
1941 3582 2035 3662 cin·-

611 3708 616 3715 ’
733 3708 944 3809 calatium,
991 3707 1040 3787 de
1070 3706 1206 3789 lunulis
1224 3706 1553 3814 qaarabilibasa
1588 3704 1643 3787 dez
1669 3706 1782 3787 zonis
1804 3706 2036 3809 cycloidalis
2096 3714 2116 3799 “,

586 3856 602 3875 ·
736 3833 802 3914 bus
835 3835 1151 3941 quadrabilibas·,
1197 3840 1278 3917 tam
1309 3858 1406 3915 vero
1446 3836 1603 3916 arcubusw
1649 3832 1901 3941 parabolicis,
1959 3838 2035 3945 qui

735 3964 800 4041 uel
830 3966 958 4045 datam
993 3966 1090 4047 inter
1119 3962 1156 4044 se
1198 3982 1349 4045 teneant
1397 3964 1597 4044 rationem¹
1642 3961 1708 4041 vel
1761 3962 2033 4048 differentiam

734 4090 986 4195 algebraicam
1021 4088 1219 4194 habeant,
1265 4116 1289 4171 a·
1327 4093 1545 4199 geometris·
1587 4076 1677 4169 sant·
1716 4092 1878 4173 traditae
1927 4094 2035 4201 quin
2121 4074 2126 4086 ¹

735 4218 852 4295 etiam
885 4216 979 4296 haec
1013 4218 1252 4323 iauelligatio
1276 4242 1301 4298 a
1328 4206 1415 4298 Cel.
1448 4214 1533 4301 loha
1568 4214 1755 4299 Bernoulli
1805 4218 1851 4300 ad
1904 4243 2035 4327 para*-

736 4342 843 4423 bolas
873 4341 1053 4426 cubitales
1085 4344 1306 4453 altiorisque
1334 4344 1477 4424 ordiaris
1508 4342 1568 4428 eli·
1593 4343 1778 4456 extensa,
1831 4347 1898 4427 sed.
1936 4350 2037 4458 quia

735 4471 863 4575 ratio,
914 4498 989 4581 qua
1038 4471 1122 4553 vsus
1169 4470 1254 4579 est,
1301 4470 1404 4558 nulla
1429 4461 1771 4557 certametlrodo*
1794 4478 2039 4585 nitebatur,

668 4619 676 4631 ·
734 4596 906 4686 ulteriori
936 4600 1001 4685 rsa
1033 4597 1108 4685 fere
1133 4600 1291 4715 penitus
1315 4600 1448 4687 caruit.
1531 4599 1620 4686 Huc
1651 4624 1801 4713 quoque
1833 4605 2037 4715 pertinet,

1844 4870 1851 4875 -
1908 4734 2044 4844 quod
