4584 5909
624 606 630 621 ι
723 703 786 790 24
1127 660 1609 838 &ii-(Um

1225 804 1229 813 r

571 894 575 903 ⁴
720 920 1000 1021 congruentem
1033 921 1213 1018 expertus
1239 904 1326 1010 rii,
1359 902 1542 1018 expiicari
1573 895 1729 1013 poffint.
1767 895 1995 1020 Conspictre

562 1025 566 1032 ’
724 1057 853 1124 autem
883 1038 949 1121 fibi
979 1035 1077 1120 risus
1104 1035 1161 1119 est
1186 1033 1407 1120 consensum
1458 1033 1608 1144 prorius
1656 1032 1900 1142 notabilem,
1945 1037 1997 1122 de

588 1255 598 1264 ,
723 1191 805 1278 quo
834 1188 879 1249 tr
911 1166 1052 1250 certior
1082 1162 1224 1270 fieret,
1255 1163 1457 1274 aliosque,
1495 1159 1523 1245 fi
1556 1183 1644 1244 tera
1679 1162 1852 1270 ssnrirer,
1901 1188 1998 1249 con·

725 1295 930 1398 sincerat,
970 1293 1126 1403 repetiit
1175 1292 1349 1402 primum
1396 1293 1718 1399 experimentum
1769 1283 1999 1406 Parmense,

573 1408 580 1417 ’
724 1421 969 1508 minarent
1000 1445 1055 1504 ex
1086 1419 1197 1504 nonis
1227 1417 1508 1529 phaenomenit
1539 1418 1663 1504 sarias
1709 1420 2003 1530 contlufioms,
2086 1443 2091 1452 ·

723 1575 899 1660 nouaque
930 1549 1210 1662 experimenta,
1224 1548 1271 1632 ab
1301 1548 1359 1632 his
1390 1543 1690 1632 conclusionibus
1718 1549 1787 1634 (ibi
1818 1548 2001 1660 suggesta,
2110 1579 2113 1588 ·

726 1679 856 1764 multo
886 1677 1010 1762 studio
1037 1676 1205 1761 instituit.
1286 1671 1427 1762 Solitas
1474 1675 1657 1760 Aniioris
1685 1677 1903 1761 dexterirari
1931 1679 2004 1762 tri·

727 1807 906 1911 huimns,
924 1805 1028 1914 qood
1046 1805 1234 1890 maximis
1251 1803 1290 1886 in
1309 1801 1384 1890 hac
1400 1829 1441 1888 re
1466 1802 1622 1890 cautelis
1645 1805 1728 1888 rsus
1750 1805 1818 1889 est.
1849 1802 2005 1892 Scimus

725 1932 837 2022 ilium
871 1931 1151 2021 taleditiumm
1178 1931 1282 2018 fniffe
1307 1934 1505 2045 principiis
1521 1929 1718 2016 Theorrae
1736 1929 2006 2022 Francklr'nia·

727 2084 832 2166 ttae,
864 2059 894 2145 11
929 2061 1234 2174 experimenta,
1287 2085 1411 2174 qnae,
1458 2061 1548 2174 quid
1598 2057 1738 2145 do'cero
1784 2063 2007 2174 debebant,

730 2187 951 2300 praeuidit,
994 2189 1034 2274 id
1084 2175 1279 2276 iuiiriienr.
1360 2189 1517 2276 Accidit
1564 2206 1692 2273 autom
1738 2192 2007 2303 contrarium;

727 2340 847 2432 spart
878 2339 977 2402 nunc
1009 2317 1048 2406 in
1080 2317 1263 2408 sententia
1293 2317 1353 2404 sua
1387 2316 1621 2406 omnmoda
1669 2319 1705 2402 se
1746 2315 2004 2408 confirmauit.
2186 2415 2190 2428 .

1326 2591 1404 2680 tv,

578 2720 583 2733 x
734 2769 1076 2898 obseruatio
1118 2769 1336 2936 Optica
1376 2767 1452 2892 de
1483 2780 1860 2905 mutabilitate
1894 2783 2011 2908 dia-

797 2951 973 3066 metri
1025 2946 1346 3112 apparentis
1397 2939 1684 3070 foraminis
1724 2951 1945 3121 angusti

1098 3112 1270 3232 oculo
1324 3117 1648 3282 propinqui.
1714 3127 1719 3148 ‘

2103 3504 2113 3586 i

794 3379 969 3514 Aua.
1012 3381 1074 3506 F.
1111 3382 1197 3504 V.
1241 3385 1324 3510 T.
1372 3386 1628 3555 Aepino.
1669 3431 1802 3564 pag.
1847 3440 1967 3558 303.

737 3616 873 3816 Inter
895 3721 985 3809 alins
1018 3723 1218 3838 stupendas
1249 3729 1402 3819 rifionis
1439 3737 1661 3828 aii'efflones
1689 3765 1745 3828 ex
1775 3745 1905 3856 quibus
1955 3747 2023 3832 in·

739 3851 852 3940 finita
869 3854 1152 3965 omnipotentis
1168 3851 1362 3946 Creatoris
1400 3865 1585 3975 sapientia
1615 3871 1861 3982 copiosrffrms
1877 3873 2026 3988 elucet,

740 4001 786 4062 ta
827 4001 976 4088 quoque
1004 3983 1252 4088 proprietas,
1288 4011 1360 4094 qna
1389 3995 1569 4102 pupilla,
1601 4002 1814 4108 procopia
1865 4001 2029 4089 luminis

740 4103 1030 4211 ingredientis,
1062 4107 1130 4190 nel
1157 4110 1349 4220 dilatatur,
1366 4115 1431 4199 vel
1460 4121 1757 4229 constringitur,
1788 4149 1858 4209 nos
1889 4129 1928 4211 in
1947 4133 2028 4214 ad-

745 4229 993 4316 mirationem
1025 4255 1161 4342 rapere
1190 4237 1342 4346 potest,
1374 4260 1554 4353 tantoque
1583 4249 1734 4357 magis,
1774 4279 1853 4361 qno
1894 4259 2031 4345 minus

746 4356 842 4443 hanc
875 4357 1094 4445 mutatioa
1136 4363 1335 4448 voluntate
1373 4365 1496 4453 nostra
1553 4377 1726 4485 pendet,
1754 4371 1837 4466 'sed
1889 4391 2034 4495 sponte

746 4484 848 4594 quai
877 4485 925 4570 ad
957 4485 1113 4624 rifionis
1139 4491 1436 4604 pemmonem,
1458 4485 1737 4616 'oculorumque
1768 4509 2034 4598 construatio-

648 4632 653 4639 ·
747 4635 857 4730 nrm,
872 4629 1126 4730 temperatur.
1188 4613 1295 4706 Cum
1326 4623 1472 4737 pupilia
1501 4629 1549 4717 iit
1577 4632 1750 4724 foramen
1781 4637 1873 4724 illud
1890 4629 2036 4728 rotunss

1923 4771 2033 4860 dum
