4584 5909
767 669 855 768 ,οὶ
932 672 1010 766 on
1043 596 1286 807 Argunt
1322 668 1558 817 orrum.
1591 668 1715 767 suc.
1748 670 1925 767 orno.
2064 682 2066 689 ’

762 905 833 994 diri
884 889 1098 1019 nequeant,
1150 882 1249 992 noua
1299 898 1390 990 lraer
1440 902 1675 1007 methodus,
1727 918 1798 1015 qun
1844 905 2041 1015 negotium

607 1068 611 1074 ·
686 1131 691 1137 ἱ
763 1059 832 1150 per
865 1040 1177 1149 multiplicatores
1209 1032 1442 1141 conficitur,
1490 1058 1571 1117 nou
1602 1026 1723 1119 solum
1756 1036 1911 1143 optimo
1950 1059 2040 1121 cum

760 1158 917 1255 lueredu
947 1168 1175 1255 adhibetur,
1211 1163 1415 1247 sedetiam
1449 1162 1596 1245 nullum
1633 1162 1685 1245 est
1718 1162 1905 1267 dubium,
1953 1168 2041 1275 quin

760 1316 837 1401 ea,
887 1293 930 1378 ss·
951 1297 1102 1379 vberius
1133 1290 1360 1395 excolatur,
1413 1291 1536 1372 multo
1569 1290 1717 1373 maiora
1751 1293 1964 1375 commoda
1997 1289 2040 1377 su

611 1463 617 1477 ·
759 1416 929 1506 allatura.
1025 1422 1111 1505 Pati
1160 1437 1290 1501 autem
1340 1438 1495 1527 quoque
1535 1408 1692 1501 succeliu
1723 1419 1770 1501 ad
1801 1418 2039 1528 aequatiouet

758 1540 1015 1633 differentiales
1049 1543 1149 1650 tertii
1178 1564 1217 1626 et
1247 1542 1427 1629 altiorum
1457 1544 1638 1652 graduum
1666 1544 1827 1631 auttendi
1869 1551 2034 1655 poterit,

735 1669 939 1788 liquidem
973 1699 1119 1762 certum
1155 1670 1225 1777 est,
1256 1693 1471 1783 quacunque
1502 1671 1697 1782 propolim
1729 1675 1952 1783 aequatione
1970 1674 2042 1763 dif-

757 1798 948 1891 lerentiali
998 1807 1249 1913 cuiuscunque
1294 1802 1465 1911 gradus,
1532 1802 1630 1885 iuter
1678 1801 1769 1885 duae
1823 1799 2037 1913 variabiles,

756 1933 907 2043 semper
936 1931 1018 2017 dari
1044 1928 1234 2025 eiusmodi
1268 1933 1551 2041 quantitatem,
1580 1949 1816 2051 perquam,
1847 1924 1874 2013 fi
1905 1955 2035 2045 aequa·

758 2062 815 2145 tio
845 2060 1132 2171 multiplicetur,
1165 2056 1338 2143 reddatur
1367 2054 1610 2166 integrabilis.
1652 2056 1793 2174 ,Quod
1808 2078 1898 2141 eum
1923 2068 2038 2145 etlam

756 2209 896 2271 uerum
927 2183 973 2272 iit
1003 2190 1043 2269 in
1075 2184 1357 2296 aequationibus
1386 2180 1692 2271 differentialibus
1723 2182 1842 2294 primi
1872 2183 2035 2296 gradus,

755 2333 797 2398 et
828 2313 964 2399 lramm
995 2305 1174 2399 resolutio
1209 2336 1276 2427 per
1309 2312 1541 2405 methodum
1573 2312 1663 2398 tales
1694 2308 1855 2399 iiiiorer
1890 2316 2035 2402 inuesti-

749 2437 866 2552 gandi
901 2466 978 2524 nnn
994 2432 1257 2527 'mediocriter
1274 2434 1513 2550 'promoueri
1528 2428 1722 2554 'poterim
1781 2442 1848 2523 ubl
1877 2442 2033 2553 quidem

754 2588 884 2657 totum
916 2568 1117 2680 negotium
1148 2594 1200 2654 eo
1229 2544 1452 2661 reducitur.
1502 2590 1547 2655 vt
1597 2572 1748 2683 quouis,
1778 2570 1860 2667 calu
1901 2574 2032 2661 oblato

751 2696 912 2783 idoneor
941 2694 1221 2808 multiplicator
1249 2696 1491 2811 inueniatur;
1531 2720 1642 2811 atque
1676 2699 1714 2782 in
1743 2699 2030 2811 aequatiouibut

752 2824 909 2937 quidem
942 2820 1246 2909 differentialibus
1278 2824 1397 2934 primi
1427 2824 1571 2936 gradun
1605 2825 1665 2910 hle
1713 2821 1836 2911 fastor
1882 2822 2030 2941 semper

751 2954 828 3037 erit
857 2946 1007 3038 lunello
1035 2944 1199 3063 ipsarum
1231 2970 1262 3036 a·
1291 2968 1382 3063 ety
1434 2972 1616 3066 tautum,
1667 2968 1803 3040 verum
1853 2954 1907 3041 ob
1957 2958 2028 3046 hoc

751 3074 876 3193 ipsum
906 3079 1009 3193 quod
1042 3073 1233 3164 diuersitas
1262 3078 1442 3183 ordinum
1477 3080 1605 3167 locum
1638 3106 1719 3167 non
1760 3080 1907 3195 habet,
1957 3086 2029 3173 elur

750 3206 993 3316 inuestigatio
1025 3206 1151 3291 multo
1184 3198 1377 3293 difficilior
1417 3208 1590 3305 videtur,
1639 3209 1835 3321 imprimis
1882 3214 2034 3325 quando

751 3332 818 3419 ille
847 3330 970 3419 fae‘iot
1002 3333 1057 3420 est
1087 3332 1232 3421 ftrud'tio
1265 3334 1536 3421 transcendens.
1632 3331 1736 3425 Cum
1769 3358 1896 3425 autem
1937 3338 2035 3429 haee

751 3465 856 3547 ratio
887 3462 1094 3575 integrandi
1126 3480 1281 3547 naturae
1311 3464 1574 3575 aequationum
1607 3464 1653 3553 fit
1702 3468 1880 3554 maxime
1934 3491 2037 3555 con·

749 3582 956 3699 lentunen,
1004 3610 1081 3674 non
1116 3586 1192 3677 tine
1225 3590 1378 3679 eximio
1409 3586 1531 3681 nunu
1564 3593 1720 3685 studium
1753 3596 1795 3683 in
1828 3618 1876 3713 ea
1913 3618 2049 3688 exto·

751 3710 863 3808 lenda
891 3717 1182 3809 collocabitur·
