4584 5909
781 638 869 739 με
1064 615 1735 770 onuuurarro

716 794 723 808 ι
777 849 1021 962 dmulGH.
1082 857 1227 968 Quodsi
1258 855 1363 941 euim
1396 874 1560 964 ponatur
1603 849 1752 933 transire
1782 871 1814 928 ω
1843 832 2057 950 inu-t-e,

779 1000 977 1088 substituto
995 1002 1071 1086 hoc
1091 997 1325 1084 valore‘loco
1342 1027 1396 1102 o,
1430 996 1566 1080 euadet
1593 987 1737 1078 Gld‘in
1752 963 2064 1103 Q&

779 1151 884 1233 uude
916 1147 988 1231 erit
1018 1164 1303 1256 augmentum,
1335 1167 1412 1254 quo
1435 1139 1572 1227 ‘erescit
1602 1108 1937 1248 Gliz‘ss,
1963 1167 2060 1251 quae

782 1277 997 1388 quantitas,
1035 1299 1121 1358 cum
1155 1273 1209 1355 ob
1237 1273 1357 1377 b<a
1389 1271 1436 1353 fit
1465 1272 1615 1378 semper
1646 1269 1834 1379 pofiriua,
1870 1271 1985 1356 austu
2017 1297 2061 1375 ur,

712 1477 718 1484 .
783 1405 913 1514 augeri
943 1403 1053 1485 simul
1084 1395 1174 1486 GH
1205 1401 1412 1484 luculenter
1444 1415 1562 1508 patet.

948 1656 991 1772 5)
1025 1651 1341 1740 Concludendnm
1376 1655 1431 1738 est
1461 1677 1514 1737 ex
1544 1651 1634 1761 hie,
1674 1652 1859 1739 fioculm
1881 1605 2060 1761 dexter,

663 1807 670 1818 '
785 1807 851 1875 aut
882 1789 1151 1898 palpebrarum
1183 1809 1263 1892 ope
1296 1785 1514 1882 claudatur,
1546 1803 1608 1864 :tut
1631 1807 1776 1888 mauu,
1809 1783 1874 1866 vel
1896 1805 2058 1893 corpore

786 1919 865 2004 alio
895 1939 1019 2025 opaco
1050 1916 1283 2020 obtegatur,
1332 1913 1372 1993 in
1411 1911 1556 1995 fimstro
1604 1929 1687 1994 tum
1735 1911 1852 1994 oculo
1900 1913 2060 2022 pupillae

787 2063 1007 2158 aperueram
1042 2041 1238 2149 insiguiter
1268 2039 1412 2151 augeri.
1497 2034 1599 2122 Cum
1649 2060 1745 2123 uero
1784 2039 1862 2122 boc
1895 2041 1941 2124 iit
1973 2065 2055 2141 res,

788 2199 884 2282 quae
924 2195 973 2254 au
1009 2172 1061 2252 ita
1094 2166 1129 2249 se
1170 2165 1338 2272 lrabeat,
1386 2167 1614 2250 immediata
1643 2169 1882 2279 experientia
1915 2172 2060 2251 innote-

786 2299 889 2384 scere
921 2297 1073 2408 potest,
1105 2314 1194 2378 ante
1246 2293 1438 2406 speculum
1487 2314 1683 2378 tentamen
1731 2297 1904 2399 institui,
1954 2319 2059 2404 atque
2151 2315 2156 2328 ’

789 2423 1013 2530 obseruaui,
1048 2426 1216 2539 omnipo
1245 2448 1382 2507 uerum
1426 2424 1530 2529 elle,
1579 2427 1680 2533 qnod
1728 2425 1850 2507 modo
1900 2421 2061 2534 pmlatae

652 2635 659 2650 .
790 2578 859 2643 me
891 2554 1102 2638 docuerunt
1147 2553 1513 2660 argumentationes.
1596 2549 1708 2638 Duru
1755 2551 1864 2634 enim
1914 2551 2060 2633 oculum

791 2683 975 2768 dextrum
1009 2679 1257 2787 clauderem,
1289 2681 1501 2763 admodum
1534 2683 1747 2766 notabiliter
1770 2679 1924 2762 dilatari
1954 2679 1992 2759 iu
2019 2675 2062 2760 sr-

792 2809 912 2895 nistro
953 2807 1120 2918 pupillae
1170 2828 1424 2914 aperturam,
1474 2825 1611 2917 aperto
1652 2833 1748 2890 vero
1791 2807 1910 2894 rursus
1957 2805 2062 2918 ipso,

793 2935 971 3024 contrahi
1005 2959 1124 3042 eam,
1155 2937 1353 3046 percipere
1382 2935 1558 3020 distinere
1592 2938 1717 3048 potui,

897 3266 903 3278 .
954 3185 1001 3304 6)
1034 3189 1288 3278 Notiil'tmum
1318 3193 1409 3280 aliae
1440 3193 1531 3304 est,
1563 3192 1750 3306 pupillam
1783 3195 1983 3304 quantitati
2008 3194 2062 3280 lu·
2166 3204 2167 3211 ‘

784 3318 911 3434 ,minis
942 3323 981 3404 in
1017 3320 1173 3404 oculum
1212 3321 1438 3428 incidentis,
1478 3325 1813 3432 proportionaliter
1844 3325 1968 3408 minui
2012 3340 2061 3404 at·

777 3475 870 3562 ,que
901 3449 1059 3560 augeri,
1090 3451 1142 3534 ita
1171 3509 1185 3556 ,
1215 3468 1260 3531 ut
1291 3451 1411 3535 audio
1439 3451 1587 3535 lumine
1622 3451 1898 3556 contrahatur,
1937 3450 2064 3533 immi·

796 3597 892 3662 nuto
921 3595 1130 3687 augeatur,
1172 3577 1224 3660 ast
1252 3580 1353 3686 apud
1400 3603 1566 3684 omnes,
1595 3579 1660 3688 qui
1692 3577 1791 3663 milti
1836 3581 2063 3687 innotuere,

795 3703 994 3814 scriptores
1031 3703 1214 3812 opticus,
1262 3707 1565 3814 propolitionem
1608 3707 1705 3792 bunc
1754 3707 1803 3789 de
1849 3732 1906 3793 eo
1950 3706 2064 3789 solum

725 3823 730 3828 ’
796 3831 915 3916 oculo
946 3829 1217 3934 enunciatam,
1234 3832 1364 3915 laltem
1383 3830 1619 3918 inteltedam
1641 3899 1652 3940 ,
1679 3836 1833 3944 reperio
1851 3897 1863 3940 ,
1896 3836 1938 3916 iu
1956 3859 2064 3942 quem

802 3961 936 4045 lumen
970 3960 1196 4044 immediate
1229 3962 1394 4065 incidit,
1422 3961 1552 4044 nullibi
1586 3983 1745 4070 atatem,
1795 3985 1916 4044 nexus
1963 3963 2066 4065 eius,

797 4110 917 4198 quem
950 4085 1050 4168 inter
1079 4105 1283 4198 utrumque
1315 4088 1470 4172 oculum
1511 4089 1673 4193 detexi,
1722 4091 1966 4174 mentionem
2011 4090 2068 4170 in·

799 4214 936 4300 indam
971 4214 1119 4316 video,
1155 4216 1255 4299 vnde
1285 4217 1590 4306 obseruationem
1623 4216 1720 4304 hanc
1755 4242 1888 4304 meam
1929 4237 2068 4302 nonant

801 4339 934 4427 baberi
967 4343 1073 4455 polle
1102 4342 1244 4428 iudico.

1843 4611 1891 4712 7)
1920 4600 2073 4688 Anato-
