4584 5909
210 745 213 752 .
294 812 300 821 .
363 658 366 663 ’
430 618 878 831 ρνΑυκΑΜΑε
937 638 1342 791 courAuAuos
1469 686 1533 799 87'

258 925 351 1039 qnae
379 925 459 1012 aliis
492 926 684 1013 methodis
713 926 792 1011 iarn
823 927 906 1013 sunt
935 947 1068 1038 eruta,
1096 928 1276 1039 praebeat
1296 954 1316 1037 3.
1338 923 1535 1013 sedetiam
1606 1013 1611 1022 ,
1642 916 1651 931 ’

254 1056 301 1141 ad
331 1054 521 1144 eiusmodi
554 1055 859 1165 inuestigationes
887 1050 1145 1162 manuducat,
1190 1056 1395 1166 inquibus
1442 1054 1539 1139 aliae

254 1182 434 1269 methodi
467 1181 562 1275 nihil
593 1180 715 1267 essent
747 1186 1000 1295 praestiturae.
1082 1186 1212 1293 Quam
1247 1189 1414 1265 obrem
1458 1178 1538 1275 hoe

253 1312 408 1422 <pridem
443 1309 532 1394 loco
563 1310 673 1395 illam
707 1314 941 1399 methodum
975 1330 1125 1407 tautum
1157 1310 1206 1395 ad
1237 1332 1304 1393 eos
1332 1306 1433 1389 castis
1460 1329 1571 1417 apa·
1670 1303 1674 1309 ’

250 1439 417 1551 plicabo,
446 1440 511 1538 oui
540 1440 656 1557 etiam
688 1439 773 1523 altis
804 1440 1026 1546 methodis,
1060 1438 1122 1523 lod
1171 1436 1295 1524 multo
1326 1432 1537 1543 operosius,
1667 1437 1673 1445 “

251 1567 430 1677 expediri
447 1566 597 1670 solent,
630 1592 711 1677 quo
726 1586 816 1652 cum
848 1569 1047 1680 principia,
1081 1568 1215 1677 quibus
1243 1566 1434 1671 innitttut,
1465 1560 1539 1649 hnc

250 1694 448 1779 occasione
479 1687 721 1809 exposuero,
752 1696 936 1806 deinceps
961 1692 1105 1781 facilius
1136 1695 1215 1777 eius
1230 1691 1539 1804 applicationem

236 1820 297 1907 'ad
331 1822 566 1931 quaestiones
596 1819 829 1908 sublimiores
859 1822 1035 1935 suscipere
1083 1820 1239 1933 poffinr.
1337 1818 1538 1934 Quoniam

248 1948 371 2059 igitur
400 1948 553 2035 miliia
609 1944 792 2035 relatione
839 1950 944 2039 iuter
991 1950 1099 2036 binas
1142 1945 1371 2053 variabiles,
1420 1966 1538 2055 quarn

247 2102 322 2187 pro
362 2076 483 2162 lubitu
512 2077 731 2186 constituo,
781 2079 1011 2165 ordiendum
1042 2078 1126 2186 ell,
1177 2102 1200 2161 a
1248 2072 1540 2185 fitnplicioribus

244 2205 457 2316 incipiant,
490 2228 533 2287 ac
565 2207 882 2318 primoquidem
917 2209 967 2293 ab
998 2204 1211 2310 eiusmodi,
1241 2226 1336 2313 quae
1368 2206 1414 2287 ad
1433 2200 1539 2285 fimi·

242 2332 300 2417 les
333 2330 518 2415 formulas
548 2333 744 2443 integrales
774 2338 1004 2446 perducant,
1037 2332 1097 2417 seu
1129 2335 1169 2416 in
1201 2332 1334 2441 quibus
1363 2333 1407 2414 X
1436 2345 1476 2410 et
1493 2322 1538 2413 Y

240 2458 393 2549 similes
423 2458 495 2541 lint
525 2462 745 2567 proditurae
775 2460 993 2545 fundtones
1019 2458 1181 2568 ipsarum
1214 2482 1243 2541 x
1271 2476 1312 2537 et
1331 2484 1379 2561 y.
1440 2455 1538 2539 For-

244 2584 385 2673 mulne
415 2606 513 2693 ergo
541 2584 744 2695 integrales
770 2588 863 2671 hine
895 2608 1004 2673 natae
1034 2585 1087 2669 ob
1114 2580 1399 2671 similitudinem
1418 2604 1570 2692 quau·-

245 2714 378 2797 titates
419 2708 718 2818 rmnscmentes
761 2712 1023 2817 exhibebunt,
1080 2708 1132 2793 ad
1184 2711 1346 2792 undem
1394 2707 1539 2794 lineam

246 2861 406 2925 curnam
457 2837 716 2949 pertinentes,
762 2838 944 2945 deinceps
975 2854 1106 2921 autent
1141 2834 1189 2919 ad
1226 2832 1407 2920 formulas
1436 2857 1539 2946 quo-

248 2991 320 3079 que
350 2962 563 3075 diffimiles,
592 2987 689 3079 quae
718 2962 769 3053 ad
797 2959 956 3053 diuerso
986 2985 1114 3053 curuts
1155 2964 1407 3079 pertineant,
1452 2964 1543 3053 sum
1677 3082 1682 3089 ι

250 3093 530 3209 progrellunts·
827 3103 831 3111 '

501 3210 937 3383 uuunrto
1002 3252 1296 3385 rurus

259 3591 271 3608 ἱ
391 3426 544 3546 inter
585 3426 745 3549 binas
799 3428 1094 3552 variabiles
1138 3468 1185 3551 x
1237 3451 1302 3552 et
1336 3408 1431 3589 y(

532 3616 1284 3738 oze÷plxx÷7yl÷2dxy.'

405 3783 449 3846 1.
480 3748 525 3849 si
555 3757 832 3852 hineseorfim
865 3762 1016 3851 salutes
1043 3788 1074 3852 x
1103 3784 1145 3851 et
1176 3792 1213 3879 y
1263 3762 1547 3888 assuantur,

249 3877 497 4003 repetierint

248 4342 321 4437 ubl
354 4358 492 4467 quouis
519 4362 604 4445 casu
633 4356 906 4474 dispiciendum
939 4370 993 4455 eil
1009 4362 1029 4477 ,‘
1078 4380 1205 4455 utrum
1239 4316 1385 4481 lignum
1419 4394 1544 4486 quau·

250 4479 354 4565 nati
374 4485 530 4571 rediculi
547 4487 591 4572 fit
623 4492 950 4605 praefigendum?
981 4498 1080 4585 Fieri
1110 4506 1212 4582 enlm
1245 4502 1386 4611 potest,
1422 4523 1466 4586 vt
1498 4502 1542 4585 in

248 4625 415 4731 jusque
431 4613 612 4735 formula,
630 4620 693 4711 tal
720 4621 824 4769 sugas
853 4636 977 4747 paria,
1010 4625 1074 4719 rel
1101 4625 1273 4749 disparia,
1302 4624 1545 4844 laum·

1527 4816 1543 4868 ²
