4584 5909
498 644 1186 764 vosrnrnurnn.
1418 584 1510 762 5'02

245 874 443 994 Petropoli
474 894 516 967 rt
546 880 586 967 in
617 881 736 971 Oblin
767 878 886 985 Insula
918 879 1089 985 institui,
1122 878 1235 986 obuia
1274 879 1361 989 est,
1411 888 1524 976 nuos

185 1044 189 1053 ’
244 1016 468 1127 quibusdam
486 1012 654 1122 ocrultir,
671 1012 745 1097 fiue
763 1010 917 1119 ignotis,
930 1008 1172 1094 adscribenda
1187 1008 1401 1117 tunulum
1417 1016 1527 1101 dubi·
1705 1023 1708 1028 “

244 1144 351 1229 tandi
367 1140 495 1225 locoru
514 1139 675 1249 relinqui
692 1138 887 1219 existimo.
923 1134 1182 1245 Horologium
1201 1139 1328 1245 enim,
1343 1161 1524 1251 quotuor

244 1272 294 1357 td
312 1270 378 1353 illo
395 1267 658 1377 experimenta
678 1266 756 1349 usus
773 1262 997 1374 snm,qutrn
1012 1263 1292 1351 accuratiffirne
1308 1267 1527 1379 affabreque

243 1397 444 1481 sterrodum
463 1396 612 1479 inuenta
644 1410 685 1481 et
710 1410 912 1503 praecepta
938 1388 1021 1477 cet.
1049 1391 1245 1479 Graharrrr'
1269 1394 1323 1478 etl
1351 1396 1528 1487 elabora·

244 1543 339 1611 tum.
370 1524 494 1609 Omni
512 1546 599 1607 cura
617 1524 654 1605 in
671 1518 747 1603 hoc
766 1520 932 1624 irrobni,
951 1538 995 1605 rt
1013 1520 1275 1631 Horologium
1292 1523 1379 1608 illud
1394 1526 1526 1613 Allro·

243 1652 462 1758 nomicum,
494 1648 613 1760 capsis
643 1646 868 1735 solidiffirnia
898 1649 1101 1763 inclusum,
1116 1650 1170 1733 ita
1191 1670 1525 1767 transportantur,

243 1800 291 1865 rt
329 1783 455 1889 uirgae
495 1776 691 1889 longitudo
722 1777 815 1863 nulli
848 1779 1071 1887 mutationi,
1104 1798 1252 1889 praeter
1278 1779 1402 1889 illam,
1429 1806 1526 1893 quae

237 1930 299 1993 ex
331 1906 482 1993 dinnrbs
511 1906 640 1995 caloris
671 1907 851 2015 gradibus
875 1911 1035 2013 oritur,
1065 1906 1237 1991 obnoxia
1268 1908 1373 1993 esset.

366 2032 466 2135 Illud
495 2034 536 2119 in
565 2032 712 2142 specula
743 2033 1017 2134 Allrononricr
1046 2034 1345 2144 Arnnburgensi
1375 2038 1427 2121 itt
1479 2036 1530 2123 ad

246 2181 403 2251 motum
454 2164 632 2245 rdotntui
650 2212 683 2253 .›
713 2181 759 2243 ut
791 2162 905 2247 sitnm
938 2163 1107 2245 eundem
1139 2161 1358 2247 obtinerent
1388 2186 1529 2273 oroneo

243 2290 458 2401 Horologii
491 2308 624 2400 parton,
659 2289 698 2374 in
730 2314 811 2401 quo
839 2290 1035 2399 Pettopoli
1067 2288 1211 2399 posstae
1236 2288 1413 2401 snernnt3
1447 2293 1529 2377 einr

245 2440 404 2505 motum
435 2417 641 2529 nepislime
671 2442 741 2527 per
773 2410 869 2501 odio
917 2418 995 2501 sere
1042 2420 1224 2527 mrnser,
1257 2420 1552 2533 ,praesentinus-

244 2547 317 2655 iit,
347 2570 440 2657 quor
470 2570 523 2631 ex
551 2544 762 2631 Academia
794 2569 923 2631 rerum
942 2545 1175 2633 marinarum
1195 2548 1385 2631 adiutores
1401 2547 1530 2655 habui,

242 2676 298 2757 ad
329 2676 481 2759 coelum
506 2672 737 2781 exploraui,
768 2690 809 2753 et
840 2670 1037 2759 obsertuto
1068 2677 1201 2784 infigni
1234 2676 1304 2757 illo
1334 2675 1530 2783 grauitatis

243 2801 496 2903 decremento
526 2796 723 2908 Petropolr'
758 2797 1077 2909 Arensburgurn,
1126 2800 1220 2883 illud
1250 2825 1343 2881 curn
1378 2804 1530 2885 Acade·
1578 2862 1582 2867 ι

245 2929 336 3013 mia
379 2926 599 3035 imperiali,
634 2950 753 3037 neque
785 2930 908 3013 minus
939 2952 1027 3009 cum
1059 2925 1120 3007 lll.
1155 2924 1202 3007 de
1233 2922 1273 3007 Ia
1303 2924 1530 3013 Cordamine

242 3055 549 3157 communiendi.
589 3054 789 3165 Postquam
821 3053 880 3139 lll.
913 3054 959 3137 de
987 3049 1029 3137 la
1056 3052 1284 3138 Condantur
1312 3050 1529 3139 hnmanitu

245 3204 320 3265 rue
350 3181 398 3261 ad
431 3204 496 3279 me
529 3182 628 3264 stam
662 3181 737 3265 hac
783 3184 837 3264 de
892 3204 931 3261 re
978 3180 1210 3282 sententiam¹
1250 3178 1528 3293 perscripserat,

249 3304 448 3415 tonsaeque
475 3306 717 3414 induruerat,
750 3304 934 3415 quasillo
966 3304 1139 3409 detexit,
1172 3332 1261 3389 curn
1296 3307 1422 3391 broile
1436 3310 1530 3419 quid

246 3434 293 3519 r'n
327 3435 457 3517 itinere
487 3433 556 3543 ipsi
587 3436 628 3517 in
659 3451 770 3517 motu
803 3430 1002 3539 Horologii
1034 3430 1229 3515 cniusdam
1263 3434 1530 3525 Astronornici

249 3558 486 3646 obstinatum
535 3560 620 3664 eil,
673 3578 713 3643 et
743 3583 840 3671 quae
869 3556 1064 3669 suspicioni
1095 3558 1225 3643 locum
1258 3561 1404 3667 aperire
1435 3589 1530 3672 por·

245 3692 366 3799 lunt,
406 3714 469 3780 eus
498 3712 638 3773 ornnes
668 3690 707 3771 in
742 3704 838 3773 meo
868 3686 1090 3795 Horologio
1120 3686 1396 3795 diligentiffime
1429 3712 1528 3773 exn-

247 3819 427 3924 rninaui,
477 3816 648 3927 nihilque
691 3818 847 3920 inueni,
897 3836 975 3923 quo
1006 3812 1079 3896 tale
1113 3814 1203 3923 quid
1232 3812 1336 3899 effici
1367 3813 1527 3932 pollet33

244 3944 448 4053 liquidem.
466 3966 595 4043 motus
645 3941 851 4053 Horologii
895 3962 963 4049 per
1012 3941 1105 4036 odio
1153 3940 1240 4023 illos
1291 3943 1437 4047 menses
1483 3948 1526 4034 in
1696 3966 1701 3975 .

241 4073 368 4157 Osrlia
400 4072 511 4159 insola
542 4074 737 4155 maximae
778 4069 930 4178 semper
967 4068 1041 4151 suit
1089 4067 1264 4176 regularis
1309 4072 1532 4181 aequabilit-

239 4226 338 4311 que.
387 4201 604 4309 Horologio
635 4198 765 4283 nollro
795 4198 931 4281 endem
963 4198 1025 4279 ria
1056 4196 1264 4306 eademqne
1295 4223 1384 4282 cora
1414 4224 1528 4311 atque

139 4416 142 4423 ,
238 4334 450 4432 cantione,
497 4351 594 4439 qtne
643 4327 682 4409 in
741 4324 1053 4436 transportatione
1105 4326 1278 4409 eiusdem
1328 4324 1526 4441 Petropoli

238 4454 535 4565 Areosbnrgum
566 4454 758 4539 adhibitae
790 4454 967 4547 sueram,
1017 4454 1117 4546 moti
1150 4452 1397 4563 Arenabnrgo
1439 4458 1528 4541 :Pe-

237 4584 423 4701 tropolln
451 4582 639 4695 reueslo,
666 4600 707 4669 et
735 4584 778 4671 in
810 4582 953 4675 eodeni
984 4582 1101 4695 loco,
1126 4608 1244 4720 quem
1271 4600 1361 4672 ante
1374 4584 1475 4667 abitu
