4584 5909
778 657 884 772 aaa·
1002 648 1102 745 on
1143 644 1825 781 auprarroururs

1243 870 1600 1006 Schohon.

924 1082 1000 1164 30.
1033 1054 1109 1139 Hic
1139 1078 1292 1163 quoque
1324 1052 1626 1163 multiplicareris
1655 1049 1785 1135 forma·
1831 1048 2052 1134 substitutio·

772 1204 862 1274 uem
913 1193 1093 1273 idoneam
1127 1186 1312 1291 praebeo,
1359 1182 1463 1263 cuius
1494 1206 1571 1289 ope
1604 1181 1782 1291 aequatio
1813 1178 2048 1287 differentio-

771 1318 1024 1402 differentialis
1055 1313 1094 1394 in
1128 1310 1243 1392 aliam
1279 1310 1439 1393 traciana
1467 1306 1679 1395 faciliorem
1714 1306 2066 1395 transformabitur.-

730 1519 734 1527 .
771 1444 907 1533 Scauri.
926 1445 1057 1529 scilicet
1076 1426 1248 1548 'oportet

945 1574 1602 1697 ysz(a÷2t3x-l-vxx)

772 1736 884 1822 Hanc
916 1762 1009 1822 uero
1039 1737 1159 1846 ipsam
1193 1733 1487 1816 substitutionem
1525 1728 1648 1815 suadet
1680 1728 1867 1815 formulae
1898 1730 2054 1835 indoles¹

1589 1864 1607 1903 ἢ
1620 1860 1664 1911 -l·
1676 1872 1691 1907 4

964 1932 1585 2060 (n÷2f3.r-l-pxx-l-cyy)
1634 1954 1647 1988 ²
1981 2050 2037 2070 Ι.

773 2088 969 2201 quiahoc
1004 2091 1119 2203 paeto
1150 2090 1262 2171 unica
1294 2090 1482 2177 variabilis
1524 2094 1563 2175 in
1614 2088 1772 2179 uinculo
1820 2087 2050 2199 relinquitur.

775 2221 834 2302 At
865 2243 934 2328 per
965 2220 1063 2304 hanc
1094 2216 1395 2301 substitutionem
1428 2217 1505 2327 ipsa
1546 2218 1717 2327 aequatio
1765 2217 1891 2301 multo
1941 2219 2058 2327 magis

777 2345 823 2431 fit
855 2345 1061 2456 perplexa,
1092 2350 1142 2430 ira
1176 2361 1246 2450 ut,
1266 2347 1426 2445 'etiamst
1457 2370 1525 2457 per
1560 2346 1743 2429 fardiorern
1786 2344 2054 2455 simpliciorem

776 2483 1319 2652 dalea-maweu}
1351 2536 1400 2619 ad
1449 2528 1781 2649 integrabilirarem
1833 2554 2056 2639 reuocetur,
2132 2586 2136 2593 -

776 2666 817 2747 id
851 2686 977 2747 tamen
1007 2666 1135 2749 minus
1168 2684 1308 2773 patent.
1375 2662 1520 2747 Verum
1556 2668 1583 2751 sr
1634 2666 1907 2776 multiplicator
1954 2663 2057 2747 firerit

777 2792 920 2873 ordinis
939 2792 1075 2895 tertii,
1110 2790 1169 2872 seu
1201 2789 1373 2896 altioris,
1406 2815 1456 2872 ne
1488 2790 1707 2881 huiusmodi
1740 2795 1892 2909 quidem
1936 2792 2057 2877 sublii·

777 2921 875 2999 turio
904 2922 1114 3003 commode
1148 2920 1307 3019 inueniri
1340 2918 1491 3029 potest,
1540 2925 1598 3007 uti
1627 2924 1667 3008 iu
1717 2920 1863 3011 duobus
1914 2922 2057 3030 reliquis

775 3044 968 3156 exemplis
1000 3048 1064 3127 ulia
1101 3044 1223 3127 uenit.

1169 3193 1534 3321 Probhuna
1617 3246 1665 3355 3.

929 3398 1002 3477 31.
1068 3372 1264 3488 Propofira
1329 3384 1553 3489 aequatione
1612 3382 1850 3469 differentiali
1913 3380 2058 3467 iecrmdi

776 3500 967 3611 gradusz'
1255 3514 1257 3519 '

953 3630 1567 3740 yyddy-r-mydyzaxdn

777 3759 920 3869 inqua
952 3760 1201 3847 differentiale
1229 3762 1293 3847 da·
1324 3764 1487 3850 sumtum
1519 3768 1574 3851 est
1603 3762 1806 3879 conllaus,
1855 3770 1934 3854 eiua
1961 3768 2061 3853 iute-

774 3889 876 3999 grule
905 3890 1083 3973 inuenire.

1276 4014 1565 4143 Sohuln

924 4184 1025 4295 Quia
1073 4184 1350 4295 multiplicator
1398 4216 1520 4305 neque
1572 4196 1722 4307 primi,
1756 4222 1877 4310 neque
1909 4194 2061 4280 secundi

777 4311 919 4393 ordinis
950 4312 1137 4419 lirccedrt,
1180 4336 1229 4395 cx
1262 4318 1395 4401 ordine
1431 4326 1544 4407 tertio
1574 4326 1798 4413 desumatur.
1872 4322 2063 4413 Perdusta

778 4462 870 4547 ergo
902 4441 1122 4549 aequatione
1155 4445 1200 4523 ad
1236 4440 1332 4527 hanc
1361 4446 1558 4535 sormam:

966 4574 1550 4737 ddy÷³nj¹³3-³{-dy⁵⁶-⁸:o
1999 4698 2009 4719 ,
2178 4678 2179 4723 t

1772 4759 1778 4769 '
1923 4745 2058 4837 multi·

2173 5636 2177 5732 l
