4584 5909
629 776 633 782 .
786 700 873 799 248
1014 656 1122 771 ¹DE
1170 670 1462 774 LENTIBVS
1510 667 1811 826 CAVfflClS

826 997 833 1009 .
923 912 1170 1025 Receptaculi
1201 914 1312 1022 eius,
1357 910 1503 1021 inquo
1535 908 1677 993 vitrum
1725 906 1948 1023 reponitur,
2010 924 2053 997 rt

693 1032 703 1055 “
783 1042 932 1151 regsslae
963 1042 1211 1152 argillaceae,
1243 1058 1311 1125 aut
1341 1036 1529 1147 tegminis,
1553 1034 1691 1143 ferrei,
1740 1034 1907 1148 superior
1939 1037 2054 1148 super·

781 1170 887 1254 ficies
918 1194 997 1255 rron
1026 1171 1143 1253 nimis
1175 1196 1197 1253 a
1226 1167 1344 1253 fiendo
1375 1181 1527 1247 remora
1560 1163 1633 1245 esse
1662 1160 1800 1270 debet,
1834 1164 1886 1246 ita
1916 1180 2053 1273 tamea,
2167 1240 2168 1273 ,

782 1316 832 1381 ut
873 1324 943 1409 per
988 1283 1205 1403 aperturam
1255 1292 1487 1377 anteriorem
1539 1300 1668 1374 totum
1724 1292 1872 1375 riuum
1903 1290 2052 1402 spectari
2155 1332 2158 1345 ·

784 1423 909 1534 possut.
972 1420 1057 1504 Hac
1092 1422 1238 1505 atione
1270 1423 1450 1506 carbones
1478 1417 1743 1502 incumbentes
1774 1418 1913 1503 melios
1944 1438 2052 1529 agunt
2168 1528 2169 1533 .

647 1546 656 1673 j
783 1554 825 1635 in
857 1560 1033 1657 ultrum,
1064 1546 1225 1659 illudque
1253 1549 1359 1633 citius
1385 1549 1425 1629 in
1457 1544 1621 1652 medio,
1653 1568 1765 1657 quam
1797 1546 1843 1629 ad
1874 1550 2055 1655 margines

784 1676 1020 1762 calefaciunt.
1116 1672 1335 1761 Curandum
1368 1694 1521 1785 quoque
1551 1671 1637 1778 cll,
1683 1690 1726 1755 st
1756 1672 1903 1757 vitrum
1936 1692 2051 1758 toturn

784 1786 988 1915 aequaliter
1019 1804 1238 1894 candescat,
1289 1802 1443 1886 rubrum
1473 1798 1645 1883 colorem
1679 1800 1878 1911 aequalem
1922 1801 2053 1912 ubique

783 1932 981 2025 exhibens.
1031 1929 1153 2019 ¹Nam
1191 1931 1218 2015 ss
1250 1930 1357 2015 color
1387 1930 1465 2013 eius
1492 1928 1532 2011 in
1565 1926 1698 2012 medio
1715 1926 1902 2011 obscurius
1919 1928 2051 2035 rubeat,

781 2060 883 2144 circa
916 2060 1128 2171 marginem
1162 2080 1259 2143 vero
1288 2056 1449 2143 albidior
1479 2054 1554 2165 lit,
1604 2056 1643 2138 io
1696 2054 1869 2165 periculo
1916 2055 2050 2141 vitrum
2170 2122 2171 2129 Ν

784 2188 962 2272 renatus.
1312 2299 1316 2307 Ι
2122 2284 2129 2303 ι

932 2317 1268 2434 Quamprimum
1302 2318 1449 2401 vitrum
1481 2302 1531 2399 ab
1584 2312 1673 2424 igne
1717 2310 1857 2407 rubet,
1906 2310 2055 2399 sollicite
2171 2392 2172 2427 ÷

770 2442 834 2527 'ad
855 2462 1130 2544 curuaturam,
1162 2468 1280 2555 quam
1310 2442 1529 2527 mollescens
1559 2441 1832 2553 conlequitur,
1865 2444 2056 2526 ostenden.

785 2569 877 2654 ditm
927 2569 996 2653 est.
1092 2568 1160 2658 Illa
1200 2570 1307 2654 sicile
1343 2570 1549 2679 percipitur
1579 2592 1630 2652 ex
1657 2568 1869 2653 reflexione
1903 2554 2056 2654 lucis“et

656 2715 664 2727 ·
785 2696 995 2804 imaginum
1025 2684 1230 2809 superficiei
1260 2698 1457 2807 superioris
1484 2694 1664 2806 tegulae,
1695 2696 1942 2804 carbonum,
1988 2713 2053 2781 etc.
2172 2726 2173 2729 ¹

785 2846 809 2905 a
841 2823 945 2905 uitro
972 2824 1111 2934 speculi
1142 2822 1189 2905 ad
1223 2824 1339 2907 instar
1368 2825 1452 2908 caui
1486 2824 1620 2909 lasiae.

818 2982 826 2997 ·
940 2950 1076 3058 Magni
1106 2972 1206 3033 sero
1237 2950 1384 3060 refert,
1431 2968 1681 3051 momentum
1712 2952 1850 3039 esrae
1896 2970 2052 3063 notare,

784 3080 867 3189 quo
915 3080 1057 3163 mutuo
1108 3074 1317 3187 superficiei
1369 3079 1487 3162 catini
1535 3077 1704 3189 perfecie
1752 3081 1790 3163 se
1830 3082 2055 3193 applicabit,

786 3226 951 3315 tuncque
979 3204 1106 3289 statim
1137 3207 1331 3289 remoueri
1362 3208 1494 3315 ignem
1529 3230 1692 3290 omnem
1725 3206 1841 3318 supra
1877 3209 2053 3317 vitrum,

686 3362 690 3369 ·
787 3333 1008 3418 maximam
1061 3354 1214 3442 quoque
1261 3350 1413 3442 partem
1462 3332 1559 3441 ignis
1607 3334 1655 3417 ad
1705 3332 1862 3439 latera,
1928 3336 2055 3420 deime

784 3460 917 3542 omnia
950 3478 1183 3569 quantocyus
1211 3458 1336 3544 cinere
1367 3458 1490 3543 calido
1522 3460 1699 3569 contegi,
1731 3486 1781 3545 ne
1811 3460 1924 3546 ullibi
1955 3486 2054 3573 aper·

786 3601 866 3669 tura
897 3608 1106 3673 remaneat.
1538 3628 1550 3637 ²

934 3714 1023 3800 lloc
1074 3734 1320 3803 momentum
1372 3712 1608 3833 obseruare,
1669 3716 1733 3805 ssu
1788 3718 1950 3805 demum
1998 3720 2086 3813 ad·¹

785 3838 973 3928 discimus.
1635 3880 1638 3887 ·

938 3966 980 4055 Si
1011 3972 1128 4057 nimis
1157 3972 1221 4058 diu
1256 3976 1459 4088 requiescat
1509 3977 1688 4087 vitrum,
1736 3978 1875 4088 ailquid
1923 3977 2053 4061 scoriae

787 4111 982 4215 (ganuae)
1014 4102 1126 4205 eius,
1168 4103 1268 4210 quod
1300 4130 1322 4187 a
1350 4106 1477 4188 catino
1506 4104 1750 4190 crudescente
1777 4106 1948 4210 secedit,
1992 4104 2052 4187 ad·

786 4228 946 4335 haeret,
1003 4249 1043 4310 et
1075 4228 1217 4310 vitnsm
1254 4250 1413 4342 turpat3
1462 4250 1588 4341 partes
1618 4233 1738 4315 etiam
1771 4232 1862 4317 uitri
1894 4256 1946 4314 ex
1977 4254 2052 4315 ma-

786 4354 879 4435 teria
909 4356 1102 4435 tenaciore
1133 4354 1373 4462 constantes,
1409 4360 1467 4441 uti
1502 4362 1595 4467 nodi
1628 4381 1703 4441 etc.
1737 4357 1863 4443 calore
1895 4360 2051 4441 nimium

785 4478 947 4565 durante
998 4500 1241 4595 emergunt²
1291 4484 1545 4571 exactitudini
1608 4484 1818 4597 superficiei
1876 4484 2058 4587 obsunt,

1957 4608 2053 4696 me
