4584 5909
1313 677 1595 804 ’ἓὲἓῦ
1659 681 1692 800 (
1759 709 1817 768 0
1884 680 1917 802 )
1982 676 2171 804 *32
2211 825 2236 850 ,
2438 697 2441 700 ’
2945 708 3072 796 47

536 914 774 1027 „dum
841 903 975 1022 (Si
1013 908 1199 994 fides
1230 910 1551 1015 aneceti,
1584 934 1811 1019 quem
1848 926 2107 993 tamen
2142 907 2285 993 hae
2323 909 2402 994 in
2439 935 2522 996 re
2557 909 2734 999 falso
2763 937 3077 1003 rumore

541 1047 1023 1152 „deceptum
1076 1039 1228 1121 effe
1274 1043 1801 1148 suspicamur.)
1868 1036 2169 1121 Stantes
2213 1045 2593 1149 gregatim
2645 1066 2864 1128 canes
2914 1071 3081 1132 non

547 1174 918 1281 „timent,
960 1168 1413 1279 plenumque
1464 1169 1901 1251 occiduntur
1955 1166 2342 1276 profundo
2388 1165 2664 1252 somno
2720 1172 3080 1282 oppreffi.

546 1293 829 1408 „Caro
889 1297 997 1381 ob
1088 1299 1638 1406 pinguedinem
1703 1296 1989 1380 ouinae
2049 1294 2314 1382 fimilis
2350 1356 2377 1399 ,
2469 1297 2680 1406 gustu
2747 1309 2845 1382 ad
2912 1327 3090 1386 ear-

549 1452 806 1536 „nem
872 1430 1272 1509 damarum
1340 1427 1634 1508 accedit
1672 1487 1697 1527 ,
1797 1425 2145 1533 inprimis
2218 1448 2399 1506 earo
2470 1425 2741 1537 capitis
2800 1432 2884 1512 in
2944 1430 3085 1513 de-

546 1555 817 1660 „liciis
911 1554 1249 1637 habetur.
1456 1552 1763 1638 Omnes
1858 1553 2121 1662 campi
2220 1546 2788 1657 Borysthenem
2891 1557 3089 1646 inter

541 1699 694 1789 „et
787 1679 1086 1765 Tanain
1124 1734 1149 1781 ,
1253 1707 1392 1766 nec
1486 1705 1649 1764 non
1716 1675 2075 1765 Zarizina
2151 1678 2712 1764 Asttachanum
2783 1707 3024 1794 Vsque
3056 1745 3091 1796 ,

536 1809 765 1912 „hoc
828 1834 1104 1920 pecore
1163 1812 1567 1895 abundant.
1754 1809 2069 1894 Videbis
2122 1807 2527 1918 aliquando
2589 1811 2721 1890 sex
2789 1813 2885 1896 nd
2947 1820 3100 1897 de-

541 1994 601 2044 ,.
616 1963 793 2021 cem
888 1938 1102 2022 mille
1186 1940 1262 2022 in
1342 1963 1503 2023 vno
1576 1962 1809 2049 grege
1880 1934 2201 2021 eollesta
2253 1958 2481 2046 etc.„
2661 1933 2884 2023 Haec
2945 1962 3098 2028 ex·

540 2067 970 2175 eerpfimus
1048 2090 1156 2154 ex
1220 2068 1490 2151 codice
1548 2064 2055 2176 manuscripto
2094 2118 2120 2165 ,
2224 2067 2358 2176 qui
2435 2063 2887 2176 elegantem
2955 2070 3093 2152 de-

536 2193 1044 2302 scriptionem
1106 2195 1715 2305 geographiam
1770 2202 2008 2283 totius
2060 2192 2446 2282 chnine
2478 2245 2512 2305 ,
2612 2190 2738 2281 seu
2806 2193 3094 2287 Parme

538 2320 861 2412 Ruffne
901 2375 931 2430 ,
1025 2323 1595 2440 complectitur.
