4584 5909
719 563 1099 731 narica.
1237 647 1240 652 ·
1449 627 1592 749 aos'-
1709 612 1712 617 ’

271 854 401 967 ituit,
433 865 580 953 renam
615 857 704 951 AG
732 865 923 974 defignare
962 867 1059 950 oc'uli
1093 865 1215 967 axin,
1265 857 1345 950 BC
1396 867 1624 970 diuma-Tan,
1642 894 1736 975 vm,

269 1003 374 1070 trum
411 997 611 1104 pupiilae,
640 993 723 1082 DF
766 993 998 1079 diametrum
1051 993 1275 1096 foraminis,
1327 992 1396 1076 IH
1447 1021 1543 1081 vero
1566 997 1641 1102 Fag.
1679 1012 1733 1074 ιιι.

267 1117 450 1204 denotare
485 1123 639 1231 planum
674 1123 897 1230 quoddam,
930 1124 976 1206 ad
1010 1145 1125 1206 axem
1162 1118 1313 1202 visrnnis
1339 1117 1430 1206 AG
1459 1150 1543 1236 pet·

264 1246 518 1354 pendiculare.
587 1249 712 1336 Facile
744 1249 837 1332 iam·
860 1271 994 1360 patet,
1031 1249 1056 1334 sa
1090 1271 1161 1358 per
1193 1247 1335 1360 punita
1364 1245 1416 1352 B,
1438 1271 1476 1334 et
1510 1253 1542 1338 F

263 1365 420 1458 ducatur
448 1377 551 1460 recia
583 1374 691 1488 BF,
725 1397 839 1486 atque
872 1379 1099 1467 producatur
1130 1399 1250 1488 usque
1289 1378 1337 1460 ad
1384 1377 1541 1488 planum

268 1497 378 1609 lH‚
404 1504 463 1584 cui
498 1505 537 1590 in
572 1505 610 1590 H
642 1507 811 1590 occurrit
829 1505 1014 1614 ,puncta
1044 1506 1207 1608 omnia,
1239 1505 1337 1589 inter
1364 1501 1404 1591 G
1435 1506 1540 1590 etH

263 1625 369 1732 sata,
415 1629 571 1744 depingi
624 1633 762 1716 debere
812 1634 851 1716 in
897 1633 1047 1734 oculo,
1094 1639 1188 1740 qnae
1237 1655 1335 1715 ueto
1368 1632 1539 1718 altau

265 1753 386 1840 daun
419 1757 499 1842 sunt
531 1763 579 1844 ab
611 1785 685 1844 axe
717 1758 898 1867 vifionia,
929 1760 1025 1844 sui'
1015 1759 1227 1866 imaginem
1263 1761 1302 1844 in
1328 1762 1437 1844 oculi
1456 1766 1540 1844 tun·

268 1885 363 1968 dum
397 1890 585 1998 proiitere
628 1911 706 1972 non
755 1889 872 1998 poffe.
955 1887 1130 1974 Luminis
1178 1887 1287 1968 euim
1340 1891 1466 1994 radii,
1514 1916 1539 1976 a

265 2011 413 2123 puncto
444 2016 635 2100 eiusmodi
667 2015 764 2100 ultra
801 2016 839 2106 H
874 2016 943 2104 sun
975 2034 1229 2111 emanantes
1254 2039 1301 2098 ac
1331 2040 1403 2124 per
1441 2019 1539 2102 fort·

261 2163 357 2223 men
389 2137 472 2226 DF
505 2145 748 2254 transeuntes,
767 2168 906 2230 omnes
945 2166 1071 2256 prope
1105 2141 1291 2254 pupillam
1324 2145 1536 2286 transerunt,

261 2259 386 2378 neque
417 2270 536 2382 ipsam
570 2275 740 2376 intrant,
773 2296 795 2355 a
825 2275 977 2384 telaqurs
1008 2293 1103 2354 uero
1138 2269 1331 2380 punitis
1321 2291 1419 2356 mter
1438 2269 1477 2358 G
1496 2294 1536 2392 et

260 2392 408 2480 Hsrtis
438 2421 621 2492 exeuntes
650 2335 777 2500 radii,
813 2400 1023 2484 minimum
1077 2420 1129 2482 ex
1160 2418 1302 2510 parte,
1335 2402 1558 2546 apnpillp¹

255 2526 514 2633 excipiuntur.
580 2527 708 2614 Erit
698 2547 826 2638 rtaque
859 2525 960 2612 rena
984 2523 1119 2623 .,GH
1165 2526 1295 2669 campi
1325 2529 1536 2634 apparentis

170 2741 175 2752 ,
253 2649 298 2734 in
333 2653 455 2760 plano
487 2654 564 2742 IH
596 2658 782 2744 diameter
814 2656 979 2743 dimidia.
1067 2652 1261 2766 Quodfi
1250 2677 1328 2734 ram
1370 2674 1535 2762 ponatur
1654 2649 1662 2662 ’

257 2771 479 2884 AGza,
481 2787 483 2796 '
510 2781 726 2888 AEzb,
754 2777 975 2890 Assza,
1009 2779 1217 2884 EFzr,
1249 2777 1326 2860 erit
1358 2781 1531 2884 primum

256 2915 835 3019 AB-rnnznuznn·
870 2893 1531 3039 AN,h1ncAN:.-·:;-ac

258 3057 558 3154 cuz-AG
572 3041 990 3188 ANz-ssffffl.
1054 3068 1246 3183 Quonam
1279 3087 1408 3146 autem
1438 3091 1531 3181 pot·
1629 3077 1632 3082 ’
1780 3091 1784 3106 ’

254 3231 304 3295 10
333 3206 447 3299 AN
472 3211 616 3380 nn:
627 3207 739 3300 nN
763 3205 877 3318 un,
909 3211 984 3295 eat
1016 3178 1419 3345 un--ffl’sse

416 3469 854 3577 4)1nnoiuitf01mula
896 3468 990 3554 haec
1042 3472 1290 3580 quantitatem
1340 3499 1400 3574 n,
1450 3468 1527 3558 fine

251 3583 576 3686 scmidiamttrurir
619 3599 815 3710 pupiilae,
855 3601 956 3680 vnde
989 3619 1128 3707 patet,
1180 3602 1346 3708 pendere
1381 3599 1528 3680 diame-

252 3741 359 3808 trum
392 3730 521 3840 campi
552 3727 740 3833 vifionie,
773 3747 886 3835 atque
918 3727 1113 3808 foraminis
1146 3745 1430 3834 apparentem,
1472 3747 1524 3808 ex

250 3851 420 3963 pupiilae
451 3877 640 3964 apertura.
682 3857 901 3972 Quantam
936 3875 1063 3935 autem
1105 3857 1291 3962 quantitas
1334 3854 1427 3934 haec
1461 3880 1525 3956 n,

249 3977 326 4062 sola
361 3982 440 4086 est,
470 4009 596 4068 earum
632 4007 726 4093 qnae
758 3981 963 4065 formulam
997 3983 1283 4087 ingrediuntur,
1316 3982 1355 4062 in
1385 3995 1523 4087 qnam,

239 4107 356 4218 =quod
387 4110 428 4192 in
460 4111 730 4222 experimento
761 4107 867 4221 supra
899 4111 1088 4218 descripto
1131 4131 1325 4212 mutetur,
1371 4105 1524 4217 saspacin

249 4235 386 4320 cadere
418 4243 576 4348 potest,
605 4243 699 4322 certi
729 4243 802 4323 effe
840 4239 1064 4350 postumus,
1106 4255 1234 4320 totum
1285 4235 1523 4344 phaenome-

247 4385 356 4464 non,
392 4391 469 4448 non
504 4367 570 4450 nisa
601 4393 622 4450 a
658 4353 821 4477 pupiilae
854 4368 1130 4473 mutabilitate,
1152 4365 1331 4473 pendete
1395 4363 1521 4446 Facile

249 4511 351 4576 vero
383 4513 517 4603 patet,
549 4501 757 4605 generatim
792 4495 899 4580 aneta
938 4493 1101 4605 pupillae
1139 4515 1343 4603 apertura,
1393 4491 1523 4600 angeri
1666 4554 1677 4578 .

314 4615 798 4710 TumVlLNuuCom.
860 4677 914 4730 Ι,
1071 4621 1168 4734 Qq
1413 4615 1522 4699 srmnl
1638 4697 1642 4704 ,
