4584 5909
656 593 1178 820 'ebroino
1501 695 1568 810 *a

289 924 413 1018 {intas
444 939 715 1041 quotcunque,
759 927 1050 1038 proprietariae
1083 927 1355 1017 communibus
1402 929 1573 1044 gauden-

291 1077 378 1165 ces,
414 1081 500 1141 eam
533 1055 683 1142 definiri
715 1074 924 1168 oporteat,
952 1056 1015 1142 cui
1045 1059 1216 1146 maximi
1247 1061 1446 1166 minimiue
1477 1086 1573 1172 pro-

293 1186 438 1297 prietas
465 1186 702 1303 conueniat,
750 1184 946 1270 uberrimo
971 1187 1183 1298 explicarit
1201 1235 1221 1294 ,·
1264 1187 1572 1302 methodumque

289 1312 442 1399 facilem
473 1338 522 1398 rc
554 1317 715 1426 planam
746 1314 882 1396 omnia
913 1315 1024 1438 buius
1051 1317 1198 1426 generis
1229 1318 1471 1430 problemate
1512 1341 1575 1400 ro-
1658 1376 1662 1384 ,
1798 1353 1804 1366 ·

291 1441 463 1528 soluendi
492 1444 658 1530 tradidit.
745 1440 896 1527 Verum
929 1445 1039 1528 enim
1070 1470 1199 1554 vern,
1225 1471 1318 1532 cum
1331 1465 1335 1474 '
1349 1445 1575 1534 huiusmodi

290 1571 600 1683 inuestigationts
630 1571 784 1688 semper
813 1569 991 1658 uberiora
1024 1571 1143 1659 studia
1190 1542 1429 1683 admitiaut,
1475 1573 1580 1659 suot·

290 1725 373 1811 que
404 1717 596 1788 amatores
625 1727 715 1787 raro
765 1716 899 1812 optato
947 1699 1104 1810 frutiu,
1152 1705 1433 1815 promouendis
1481 1703 1580 1787 uitta

290 1828 536 1938 geometriae
585 1831 833 1943 pomaeriis,
882 1829 1115 1939 destituant,
1164 1827 1232 1918 Cl.
1278 1856 1428 1944 quoque
1462 1829 1582 1942 Frfio

292 1982 381 2042 non
414 1957 631 2070 deneganda
661 1959 739 2046 ltus
765 1957 844 2064 est,
897 1961 1004 2072 quod
1035 1958 1138 2047 tastu
1167 1963 1351 2074 quosdam
1382 1957 1583 2072 particula·

291 2109 359 2170 res
389 2083 466 2172 huc
495 2089 696 2174 redeuntes
723 2087 913 2199 ingeniosa
945 2089 1232 2202 perspicacitate
1267 2091 1392 2202 magis
1424 2088 1584 2174 illuiirt-

288 2238 357 2321 te,
391 2235 432 2300 et
463 2217 627 2301 breuioti
655 2218 799 2304 calculo
827 2216 1030 2323 exhibere,
1060 2239 1221 2305 conatus
1251 2220 1321 2305 est.
1370 2213 1583 2302 Caeterum

287 2346 397 2428 dum
429 2340 495 2428 ct.
532 2346 684 2432 Accitur
713 2375 759 2458 p.
813 2369 919 2449 231.
969 2346 1118 2435 caicuio
1164 2347 1249 2434 suu¹
1279 2349 1584 2460 praerogatiuam

290 2472 495 2580 quandam
524 2496 615 2581 prae
646 2474 850 2558 Eeieriam
898 2475 1059 2578 tribuit,
1111 2477 1268 2560 unicam
1314 2471 1404 2586 Cel.
1456 2470 1586 2558 Euleri

288 2595 639 2702 differentiorem,
688 2599 741 2680 iu.
761 2598 903 2680 Tomo
935 2597 1009 2681 vt.
1041 2594 1209 2682 Comm.
1241 2600 1457 2709 nostrorum
1511 2607 1587 2681 'ex-

144 2811 151 2822 ,
292 2741 487 2828 tantem,
519 2740 763 2833 compertam
796 2718 968 2806 habuitie
1008 2724 1173 2808 uidetur.
1257 2721 1403 2808 Prodiit
1446 2737 1629 2811 autem·
1730 2817 1737 2834 ,

292 2850 553 2965 postmodum
586 2853 641 2936 A.
679 2869 812 2957 1744.
843 2850 919 2933 aiia
949 2849 1123 2935 eiusdem
1157 2850 1207 2936 de
1237 2847 1315 2934 boc
1353 2871 1588 2960 argumento

295 2977 517 3088 tractatio,
549 2977 769 3065 Lnusanuae
808 2976 944 3063 excusa
965 3045 977 3087 ,
1001 3003 1121 3090 qurm
1141 2977 1368 3068 Methodum
1396 2981 1587 3066 inuenitu-

297 3109 345 3195 ἐι·
378 3105 497 3194 butas
526 3131 667 3199 curtas
699 3111 857 3200 maximi
888 3110 1073 3195 minimiue
1100 3117 1334 3222 proprietate
1378 3109 1588 3219 gaudente

294 3240 493 3345 uocauit,
522 3237 620 3347 ubi,
652 3263 749 3351 qtrae
781 3240 822 3322 iu
851 3239 972 3351 priori
991 3237 1246 3324 dissemuoue
1262 3237 1461 3324 dessuemri
1478 3231 1590 3348 poii'e

299 3366 569 3475 uidebantur,
599 3367 749 3453 abunde
777 3361 975 3480 suppleuit.
1061 3363 1244 3478 Denique
1277 3391 1426 3454 nouam
1478 3361 1590 3449 huiur

299 3495 564 3608 problematis
592 3494 856 3588 solutionem,
885 3523 959 3607 qna
991 3494 1090 3586 nihil
1120 3494 1344 3608 pulchrius,
1393 3493 1491 3580 nihii
1519 3517 1591 3604 ge·

301 3624 498 3726 oemlius,
529 3622 630 3709 nihii
648 3627 772 3735 magis
801 3623 1066 3735 analyticum,
1095 3621 1175 3711 eise
1210 3625 1364 3738 potest,
1396 3647 1452 3708 ex
1482 3643 1619 3744 nouo!
1664 3662 1671 3678 ·

298 3778 327 3838 a
362 3757 401 3833 se
433 3752 616 3838 adornato
656 3751 807 3841 cabulo
833 3757 1087 3841 variationem
1115 3755 1353 3863 deductam,
1392 3753 1592 3836 uobiscum

301 3877 834 3985 marcomanicum,
874 3907 991 3992 quam
1021 3881 1203 3968 iudicaiie
1237 3879 1418 3982 sufficiat,
1466 3881 1594 3963 donec

298 4007 353 4090 in
395 4006 523 4116 atiquo
570 4031 624 4092 ex
664 4010 965 4114 subsequentibus
1014 4005 1398 4092 Commentariorum
1443 4001 1600 4117 uostrog

300 4155 408 4220 mm
433 4134 696 4224 uoluminibus
727 4131 988 4248 comparebit.

383 4811 918 4932 fiom.V11.Nou.Cummi
1136 4845 1160 4939 ς
1345 4805 1602 4930 PHYSICOff
