4584 5909
443 650 551 745 'ar
590 647 907 773 arrogare
953 622 1316 749 rerumre-
1435 682 1521 769 245

259 891 359 969 vern
386 902 465 965 uon
495 881 635 965 exaele
683 882 890 992 superficiei
937 884 1052 969 cauni
1095 885 1131 967 se
1172 884 1418 995 applicabat,
1464 888 1529 973 sed

259 1007 429 1095 reuersis
475 1010 595 1091 aereis
643 1012 937 1119 occupabatur..
1005 1010 1120 1093 Turne
1170 1014 1328 1121 quidem
1384 1018 1532 1125 ignarus

257 1138 400 1223 horum
433 1132 811 1243 phaenomenorum‚
842 1138 1033 1225 interitum
1066 1138 1153 1221 uitri
1186 1140 1267 1222 mei
1300 1141 1532 1251 portenden-

255 1266 376 1370 eium,
406 1264 537 1370 ignem
556 1265 730 1372 superius,
760 1285 947 1373 quantum
965 1266 1124 1370 licebat,
1141 1256 1350 1375 augebam,
1381 1268 1528 1353 vitrum

253 1390 343 1502 pon
392 1389 544 1497 aliquod
593 1408 743 1499 tempus
786 1394 954 1478 debitam
1003 1395 1169 1477 sormam
1213 1394 1528 1506 consequuturum

253 1516 505 1625 existiman53
540 1517 783 1626 persistebant
814 1546 912 1605 uero
940 1520 1099 1605 uesicae.
1165 1518 1321 1605 Deinde
1350 1524 1533 1607 carbonen

250 1644 438 1757 paulatim
471 1667 689 1752 amouens,
738 1664 889 1732 tantum
920 1650 1043 1734 modo
1074 1647 1173 1757 ignis
1202 1649 1361 1757 reliqui,
1400 1666 1446 1731 ut
1479 1670 1530 1731 ne

249 1773 371 1855 nimis
420 1767 541 1853 subim
588 1770 850 1881 refrigesceret.
945 1772 1022 1860 Sed
1074 1773 1204 1885 postea
1233 1777 1372 1860 vitrum
1402 1778 1533 1857 catino

249 1901 482 2000 arderatum,
522 1916 570 2019 ¹et
600 1900 709 1983 rimis
738 1900 944 1985 innumeris
973 1902 1201 2011 discerptum
1242 1905 1401 2012 reperi,
1453 1919 1531 1993 ut·

245 2050 330 2135 quo
383 2049 406 2107 a
451 2026 581 2107 catino
628 2022 883 2136 separaretur,
938 2028 1083 2113 malleo
1131 2029 1175 2111 in
1204 2029 1401 2140 puluerem
1435 2023 1531 2113 eset
1626 2070 1632 2083 ,

243 2150 599 2245 comedendum,
627 2154 768 2239 catinus
800 2180 895 2240 vero
927 2157 1055 2241 denuo
1086 2155 1350 2242 elaborandus.

407 2316 515 2403 llaec
545 2343 633 2401 eam
662 2317 718 2401 ob
768 2312 931 2405 cauffam
983 2321 1123 2422 retuli,
1174 2337 1219 2403 ut
1270 2316 1532 2431 intelligatur,

239 2448 389 2558 quanti
418 2445 590 2551 intersit,
639 2444 770 2553 iguem
800 2446 947 2554 aequali
979 2447 1022 2526 vi
1055 2443 1276 2557 applicari,
1328 2468 1378 2526 ne
1426 2448 1532 2528 uitro

239 2575 358 2659 circa
390 2574 578 2681 margines
610 2568 865 2679 liquescente,
896 2590 937 2654 et
968 2572 1091 2679 ipsum
1122 2573 1325 2681 perdatur,
1367 2589 1408 2653 et
1440 2570 1533 2654 cati-

241 2724 318 2783 nus
367 2698 482 2807 ipse,
531 2697 636 2805 quod
666 2698 706 2776 in
740 2698 884 2804 maguis
914 2698 1046 2779 catinis
1077 2722 1156 2779 non
1188 2696 1264 2781 line
1297 2694 1431 2805 insrgni
1462 2698 1533 2779 de·

239 2830 439 2911 trimento
468 2825 610 2931 fieret,
641 2844 748 2905 nouo
780 2821 909 2908 labore
936 2821 977 2905 in
1007 2820 1203 2935 prislinam
1236 2818 1404 2907 sormam
1438 2822 1554 2909 esset·
1606 2910 1607 2921 Ν

237 2952 496 3048 reducendus.
1366 2995 1371 3003 ·

407 3112 613 3229 Sequentia
644 3117 888 3227 tentamina,
919 3144 1010 3204 cum
1046 3120 1154 3205 vitris
1187 3118 1415 3223 minoribus,
1446 3115 1534 3229 qui-

236 3248 313 3331 bus
348 3246 407 3331 ad
455 3246 627 3329 fenestras
675 3245 848 3335 animm,
898 3246 1071 3354 institui,
1121 3248 1292 3331 catinmn
1339 3244 1530 3329 minorem

234 3376 346 3485 prius
387 3393 652 3487 memoratum
683 3370 897 3475 adhibens,
929 3398 978 3457 ne
1008 3373 1214 3465 euchirescs
1242 3372 1369 3458 nimiis
1398 3372 1532 3489 sumti}

217 3503 314 3587 -bus
348 3502 595 3588 addiscerem.

403 3667 519 3753 Loco
544 3668 700 3781 tegulae
725 3666 971 3779 argillaceac,
1001 3686 1178 3783 tegmem.
1206 3692 1257 3753 ex
1290 3663 1431 3752 lamina
1455 3665 1535 3755 fer·

233 3826 305 3886 rea
365 3798 552 3901 conseci,
603 3817 821 3880 extremum
878 3798 1026 3882 clusin
1060 3798 1274 3907 marginem
1310 3797 1535 3882 unanimis

232 3930 371 4013 airum
427 3922 660 4027 inflectens,
704 3927 866 4008 anterius
905 3949 1003 4007 uero
1029 3943 1198 4033 apertura
1231 3945 1406 4005 connexa
1439 3922 1533 4009 illud

230 4056 465 4159 instruens,
498 4070 543 4134 ut
573 4050 654 4134 fieri
686 4048 782 4133 solet
813 4053 853 4132 in
872 4037 1007 4159 tegulis
1034 4050 1262 4161 argillaceis;
1293 4045 1531 4158 superiorem

230 4202 408 4295 partem
445 4177 606 4300 planam
630 4177 776 4280 effeci,
827 4195 873 4259 ut
905 4179 1086 4261 carbones
1116 4176 1220 4260 uitro
1253 4177 1338 4259 satis
1369 4178 1533 4287 propiu-

231 4312 307 4423 qui
361 4304 525 4421 essent,
572 4305 751 4414 reliqua,
799 4322 844 4387 ut
871 4322 982 4412 aute,
1016 4306 1176 4415 peregi,
1225 4304 1264 4389 id
1294 4303 1532 4413 potissimum

232 4462 401 4547 agens,
439 4452 485 4516 ut
518 4432 620 4515 uitro
652 4432 755 4515 calor
782 4430 989 4543 aequabilis
1017 4433 1268 4543 tribueretur,
1314 4447 1377 4517 aut
1407 4432 1533 4517 maior

231 4568 385 4679 potius
424 4556 556 4649 medio
586 4560 691 4672 vitri,
719 4583 835 4673 qnam
868 4560 1048 4671 margini.
1248 4570 1253 4581 '

879 4704 1026 4816 una
1471 4696 1535 4795 Sic
