4584 5909
773 708 867 793 244
1036 668 1125 766 DE
1170 658 1452 763 LENTIBVS
1500 652 1797 753 CAVSHCIS

769 915 861 1021 igne
910 900 1172 1015 remaneret,
1220 895 1432 1012 superficiei
1461 891 1577 982 catini
1609 894 1776 1005 perseste
1809 894 1846 979 st
1877 896 2052 1011 applicgz
2173 976 2174 981 Ν

771 1056 914 1141 uerat,
948 1036 1127 1144 puritate,
1158 1054 1274 1141 quarn
1307 1024 1497 1132 habebar,
1529 1046 1617 1107 cum
1651 1023 1745 1107 infra
1774 1026 1941 1111 caunum
1958 1029 2052 1115 illud

771 1188 1017 1273 reponerem,
1050 1157 1143 1243 niul
1164 1156 1382 1241 imminuta
1448 1151 1636 1261 Equidem
1667 1151 1778 1233 catini
1809 1154 1921 1263 ipsius
1952 1155 2051 1266 sigu-
2173 1160 2174 1245 i

772 1316 880 1400 ram,
911 1292 965 1374 ob
994 1286 1295 1395 expaufionem,
1324 1304 1440 1393 quam
1475 1274 1669 1363 metada'
1657 1302 1699 1361 tn
1730 1280 1818 1388 igne
1846 1284 2053 1392 patiuntur,

772 1416 959 1529 paulisper
990 1429 1179 1496 mutatam
1212 1406 1305 1497 esse,
1330 1405 1513 1495 credibile
1544 1403 1622 1513 est,
1649 1400 1710 1489 scd
1725 1404 1912 1607 praesenti
1930 1408 2051 1527 scope

773 1544 814 1633 id
846 1541 948 1634 suud
975 1535 1132 1626 officere
1165 1534 1329 1621 sidem

922 1799 1043 1889 Huius
1073 1798 1203 1913 exigui
1232 1790 1451 1884 tentaminis
1495 1793 1651 1883 necessu
1694 1790 1870 1903 eresitts,
1926 1801 2049 1889 maim

773 1934 1086 2046 experimentum
1104 1955 1241 2038 capere
1271 1928 1432 2011 decreui.
1499 1921 1681 2009 Carinum
1712 1948 1917 2034 cupreum,
1943 1928 2048 2032 sede·

773 2066 854 2149 cim
899 2060 1040 2169 digitos
1070 2058 1262 2142 rhenanus
1293 2054 1449 2159 latum,
1492 2053 1539 2155 ad
1571 2067 1805 2135 cururturam
1840 2056 2046 2165 sphaerae,

773 2191 877 2275 cuitu
924 2186 1048 2271 radius
1090 2181 1182 2267 esset
1221 2183 1427 2292 digitorum
1469 2180 1620 2291 triginta
1650 2178 1845 2279 duorum,
1875 2184 2049 2290 primum

773 2316 949 2414 malleo,
997 2312 1134 2395 deinde
1180 2310 1385 2395 accuratius
1416 2325 1569 2410 toruo,
1622 2304 1806 2389 elaborari
1837 2305 2046 2421 iubebant,

774 2458 864 2527 tuuc
893 2439 1126 2525 laminarum
1158 2438 1340 2541 marum,
1368 2436 1505 2542 digitos
1534 2434 1822 2547 quatuordecim
1853 2452 1893 2517 et
1937 2436 2045 2521 dimi

774 2568 883 2653 dium
928 2564 1120 2667 latarum,
1170 2588 1221 2649 ex
1272 2565 1377 2646 uitro
1418 2560 1602 2672 speculati
1650 2558 1806 2645 Veneto
1836 2556 2047 2674 sedarum,

774 2718 920 2799 enam,
950 2677 1038 2776 curn
1071 2694 1224 2791 catino,
1251 2692 1299 2773 ad
1330 2690 1441 2797 digiti
1470 2687 1628 2773 dimidii
1655 2687 1853 2773 craffitietn
1886 2695 2051 2777 exterius

729 2900 735 2908 .
774 2818 858 2905 into
897 2820 1035 2924 tedio,
1080 2816 1253 2901 lateribus
1284 2816 1401 2899 tribus
1432 2817 1612 2925 imposui.
1703 2813 1759 2899 Ita
1794 2839 1889 2901 vero
1920 2806 2049 2905 lateres

759 2946 1080 3047 ordinarem,
1129 2962 1175 3028 rt
1204 2942 1267 3027 sub
1298 2944 1448 3033 cauno,
1484 2946 1523 3026 in
1555 2940 1631 3026 illia
1661 2944 1940 3053 requiescente,
1971 2972 2047 3033 cat·

774 3071 898 3158 nones
948 3070 1096 3155 incendi
1148 3068 1311 3180 possent.
1402 3070 1502 3155 Aliis
1547 3068 1720 3153 lateribus
1767 3073 1934 3155 catinum
1981 3076 2046 3157 cir·

777 3199 1060 3302 cnmdrbam,
1116 3200 1183 3305 qui
1230 3198 1358 3307 digitis
1403 3198 1549 3283 duobus
1595 3197 1661 3281 alti
1663 3220 1746 3279 ores
1791 3216 1896 3281 eraut
1950 3224 2048 3284 mat·

777 3329 869 3437 gine
925 3325 1093 3429 catini,
1164 3322 1224 3407 sed
1281 3330 1329 3409 ab
1389 3348 1439 3409 eo
1496 3326 1611 3434 ipso
1634 3326 1808 3433 margine
1858 3326 2046 3435 paululum

777 3452 1004 3557 ditabant,
1068 3470 1113 3533 rt
1161 3452 1345 3534 carbones
1390 3453 1550 3535 interiici
1600 3452 1763 3559 possent.
1856 3452 2050 3539 Lateribur

591 3660 595 3668 ·
776 3578 1026 3691 ¹¹¹¹P⁰¹³⁶b³ffl
1076 3578 1245 3686 ‘egilam
1297 3575 1489 3695 (sisuffrs)
1536 3576 1732 3685 sphaerico
1789 3578 2046 3692 fornicatam,

776 3709 897 3817 qttalis
937 3702 1092 3812 imponi
1140 3701 1235 3787 solet
1266 3710 1398 3813 testis,
1448 3704 1649 3815 inquibus
1687 3727 1883 3815 argentum
1919 3710 2043 3821 plum·

776 3832 817 3919 bi
859 3832 1086 3916 sitrescentis
1131 3855 1212 3939 ope
1266 3836 1501 3946 deputatur,
1549 3829 1921 3949 (wastinensem)
1965 3861 2045 3921 car·

776 3961 896 4044 boues
942 3982 1038 4042 reto
1092 3958 1450 4069 circumponebam.
1535 3963 1736 4072 ‘Equidem
1771 3966 1916 4049 vitrum
1949 3966 2045 4052 mos·

655 4182 658 4192 ¹
775 4088 915 4171 lescens
941 4087 1116 4194 ,ponem
1142 4088 1207 4169 suo
1238 4090 1488 4195 cntuabatnr,
1526 4088 1633 4174 calor
1665 4112 1789 4176 antem
1823 4093 1870 4175 ad
1904 4090 2042 4201 latera,

760 4216 980 4325 praecipue
1012 4216 1061 4297 ad
1093 4212 1278 4297 toramine
1310 4217 1480 4325 tegulae,
1513 4242 1610 4327 quae
1642 4242 1707 4305 aer
1726 4217 1882 4329 perflat,
1914 4222 2044 4305 nimius

777 4361 890 4441 erat,
922 4354 961 4418 et
989 4338 1030 4420 ‘m
1066 4340 1200 4422 medio
1217 4342 1324 4424 'iusso
1353 4345 1505 4443 minor,
1544 4347 1763 4430 carbonibus
1781 4346 1956 4455 superius
1985 4350 2042 4431 io·

775 4464 1065 4571 cumbenttbus,
1093 4466 1146 4551 ob
1178 4466 1351 4552 altiorem
1385 4474 1531 4580 tegulae
1563 4470 1783 4581 fornicem,
1825 4476 1991 4560 nimium
2020 4498 2040 4558 a

692 4718 697 4723 .
776 4611 879 4680 rrtro
909 4592 1082 4682 remotis.
1148 4592 1295 4709 Margo
1322 4597 1434 4711 igitur
1467 4599 1557 4689 uitri
1589 4601 1837 4717 liquescebat,
1873 4602 2040 4689 medium

1952 4752 2041 4819 seso
