4584 5909
379 750 382 756 -
567 631 1231 789 οειιιΕΝεεεξ·
1441 687 1616 790 ςιμ

261 912 418 1004 Penduli
451 914 637 1005 nimirum
670 914 936 1019 immutabilis,
950 894 1179 1002 et'Pendoli
1208 910 1389 1023 simplicis
1417 912 1534 997 bene·

258 1045 384 1151 ficio,
413 1066 511 1153 quae
542 1068 592 1128 eo
621 1043 782 1129 conillio
811 1068 835 1127 a
866 1021 952 1127 Cel.-
984 1044 1033 1127 de
1069 1041 1110 1125 la
1159 1039 1284 1127 Crillc
1331 1040 1406 1129 huc
1454 1042 1539 1123 lunt

260 1170 505 1271 trrnsmiffu,
535 1191 580 1253 vr
609 1169 905 1279 comparatione
934 1168 1033 1253 inter
1064 1186 1219 1253 motum
1250 1168 1395 1253 horum
1434 1167 1533 1251 Pen-

259 1298 452 1407 dulorum,
467 1298 602 1408 primo
633 1297 789 1401 Prrisris,
804 1294 942 1381 deinde
973 1296 1200 1406 Petropoll,
1218 1295 1457 1380 obtentarum
1479 1295 1543 1375 in·

261 1427 417 1529 stitutn,
447 1426 496 1511 de
524 1449 615 1511 uera
644 1423 800 1511 Penduli
831 1423 1011 1533 firnplicis
1041 1422 1282 1533 longitudine
1313 1424 1356 1509 in
1404 1417 1539 1505 nollrir

261 1553 479 1663 regionibus
520 1575 574 1637 eo
618 1551 756 1637 certius
803 1552 1007 1637 constaret,
1059 1550 1180 1636 Vera
1228 1552 1334 1636 enim
1383 1543 1543 1636 Pendnli

261 1681 439 1791 srmplicis
495 1678 544 1763 ad
593 1679 733 1789 stogula
780 1680 929 1765 minuta
978 1678 1134 1766 secunda
1178 1680 1369 1790 temporis
1414 1672 1536 1762 medii

262 1807 458 1893 oscillantis
506 1807 734 1917 longitudo,
769 1806 1064 1919 quamplurimis
1094 1825 1134 1890 et
1163 1804 1439 1893 accuratiffimis
1462 1826 1537 1889 ex·
1663 1848 1668 1856 ·

263 1934 496 2047 perimentis,
512 1930 703 2017 beneficio
736 1930 895 2019 Penduli
927 1934 1107 2045 simplicis
1135 1934 1209 2019 huc
1241 1931 1437 2019 transmilfi
1477 1930 1538 2015 in·

264 2062 420 2171 stirmis,
455 2055 593 2145 rCel.
624 2067 670 2151 de
698 2058 739 2145 Ia
772 2054 898 2147 Caille
929 2058 1071 2146 Prrlsrls
1102 2060 1263 2145 stabilita
1293 2062 1347 2146 eli
1380 2082 1421 2158 ³·
1440 2058 1533 2169 ped.

269 2203 295 2279 8
330 2187 401 2271 llo.
448 2208 504 2290 55
526 2218 538 2271 r
557 2210 671 2299 quare
700 2188 748 2273 ud
779 2186 1055 2299 longitudinem
1086 2186 1243 2272 Peoduli
1282 2185 1465 2297 fimplicis
1494 2186 1536 2268 in

264 2314 398 2401 nolitis
428 2315 643 2427 regionibus
681 2313 940 2403 definiendam
973 2337 1065 2403 non·
1082 2311 1230 2399 neteffe
1269 2314 1358 2420 eli,
1389 2312 1459 2399 nili
1491 2328 1539 2397 rt

266 2443 470 2549 longitudo
502 2440 657 2528 Penduli
689 2442 848 2527 Petilius
880 2461 1057 2554 augentur
1104 2441 1143 2525 in
1182 2442 1334 2526 ratione
1380 2438 1536 2553 quadm·

266 2590 397 2657 torum
424 2594 671 2658 numerorum
703 2569 992 2661 Olcillrtiouum
1026 2567 1183 2655 Penduli
1212 2571 1351 2653 eodem
1381 2584 1541 2677 tempo-

266 2696 317 2785 ris
345 2698 467 2808 spatio
497 2716 541 2781 et
570 2697 611 2779 in
643 2699 775 2780 erdem
808 2698 903 2779 reris
931 2711 1186 2811 temperatura
1215 2692 1356 2787 ruinis
1384 2711 1426 2781 et
1463 2716 1538 2808 rru-⁴

269 2822 353 2917 stris
381 2825 420 2908 in
449 2824 663 2939 regionibus
689 2820 960 2919 commum.

884 3102 925 3191 11

271 3300 615 3472 Longitudo
633 3304 867 3427 Penduli
900 3302 1158 3473 simplicis
1169 3310 1541 3481 Arensburgi,

338 3483 396 3599 in
440 3471 609 3601 Osrlia
652 3475 842 3619 Insula,
885 3474 956 3596 ud
997 3475 1211 3643 fingula
1256 3483 1479 3603 minuta

423 3642 665 3847 secunda
707 3652 981 3939 tenlffi
1022 3649 1199 3772 medii
1240 3648 1394 3770 oscil-

414 4092 501 4181 Cel.
534 4096 581 4181 de
611 4094 651 4181 la
681 4096 806 4183 Caille
839 4103 918 4187 An.
953 4108 1075 4205 1756
1121 4102 1232 4186 initio
1262 4103 1405 4216 Aprilis
1435 4125 1551 4187 men-

273 4230 326 4315 srs
358 4227 597 4327 obseruatio,
634 4224 840 4313 Pendulum
874 4230 1114 4315 immutabile
1146 4234 1199 4346 'in
1235 4232 1421 4341 temperie
1453 4231 1552 4314 reris

274 4344 353 4456 ἐξ.
386 4352 552 4437 Therm.
590 4354 750 4439 Rerum.
782 4358 889 4468 sopra
918 4382 945 4445 0
970 4357 1103 4473 'spurio
1134 4361 1211 4442 diei
1250 4358 1392 4451 Soletis
1431 4358 1550 4445 medii

276 4476 284 4491 ”
341 4475 825 4570 Tom.V11.Nou.Com.
1079 4486 1119 4573 T
1137 4504 1189 4573 tt
1448 4484 1554 4571 Pari-
1670 4540 1675 4543 -
